%YAML 1.1
%TAG !u! tag:unity3d.com,2011:
--- !u!29 &1
OcclusionCullingSettings:
  m_ObjectHideFlags: 0
  serializedVersion: 2
  m_OcclusionBakeSettings:
    smallestOccluder: 5
    smallestHole: 0.25
    backfaceThreshold: 100
  m_SceneGUID: 00000000000000000000000000000000
  m_OcclusionCullingData: {fileID: 0}
--- !u!104 &2
RenderSettings:
  m_ObjectHideFlags: 0
  serializedVersion: 9
  m_Fog: 0
  m_FogColor: {r: 0.5, g: 0.5, b: 0.5, a: 1}
  m_FogMode: 3
  m_FogDensity: 0.01
  m_LinearFogStart: 0
  m_LinearFogEnd: 300
  m_AmbientSkyColor: {r: 0.212, g: 0.227, b: 0.259, a: 1}
  m_AmbientEquatorColor: {r: 0.114, g: 0.125, b: 0.133, a: 1}
  m_AmbientGroundColor: {r: 0.047, g: 0.043, b: 0.035, a: 1}
  m_AmbientIntensity: 1
  m_AmbientMode: 3
  m_SubtractiveShadowColor: {r: 0.42, g: 0.478, b: 0.627, a: 1}
  m_SkyboxMaterial: {fileID: 0}
  m_HaloStrength: 0.5
  m_FlareStrength: 1
  m_FlareFadeSpeed: 3
  m_HaloTexture: {fileID: 0}
  m_SpotCookie: {fileID: 10001, guid: 0000000000000000e000000000000000, type: 0}
  m_DefaultReflectionMode: 0
  m_DefaultReflectionResolution: 128
  m_ReflectionBounces: 1
  m_ReflectionIntensity: 1
  m_CustomReflection: {fileID: 0}
  m_Sun: {fileID: 0}
  m_IndirectSpecularColor: {r: 0, g: 0, b: 0, a: 1}
  m_UseRadianceAmbientProbe: 0
--- !u!157 &3
LightmapSettings:
  m_ObjectHideFlags: 0
  serializedVersion: 11
  m_GIWorkflowMode: 1
  m_GISettings:
    serializedVersion: 2
    m_BounceScale: 1
    m_IndirectOutputScale: 1
    m_AlbedoBoost: 1
    m_EnvironmentLightingMode: 0
    m_EnableBakedLightmaps: 0
    m_EnableRealtimeLightmaps: 0
  m_LightmapEditorSettings:
    serializedVersion: 10
    m_Resolution: 2
    m_BakeResolution: 40
    m_AtlasSize: 1024
    m_AO: 0
    m_AOMaxDistance: 1
    m_CompAOExponent: 1
    m_CompAOExponentDirect: 0
    m_Padding: 2
    m_LightmapParameters: {fileID: 0}
    m_LightmapsBakeMode: 1
    m_TextureCompression: 1
    m_FinalGather: 0
    m_FinalGatherFiltering: 1
    m_FinalGatherRayCount: 256
    m_ReflectionCompression: 2
    m_MixedBakeMode: 2
    m_BakeBackend: 1
    m_PVRSampling: 1
    m_PVRDirectSampleCount: 32
    m_PVRSampleCount: 500
    m_PVRBounces: 2
    m_PVRFilterTypeDirect: 0
    m_PVRFilterTypeIndirect: 0
    m_PVRFilterTypeAO: 0
    m_PVRFilteringMode: 1
    m_PVRCulling: 1
    m_PVRFilteringGaussRadiusDirect: 1
    m_PVRFilteringGaussRadiusIndirect: 5
    m_PVRFilteringGaussRadiusAO: 2
    m_PVRFilteringAtrousPositionSigmaDirect: 0.5
    m_PVRFilteringAtrousPositionSigmaIndirect: 2
    m_PVRFilteringAtrousPositionSigmaAO: 1
    m_ShowResolutionOverlay: 1
  m_LightingDataAsset: {fileID: 0}
  m_UseShadowmask: 1
--- !u!196 &4
NavMeshSettings:
  serializedVersion: 2
  m_ObjectHideFlags: 0
  m_BuildSettings:
    serializedVersion: 2
    agentTypeID: 0
    agentRadius: 0.5
    agentHeight: 2
    agentSlope: 45
    agentClimb: 0.4
    ledgeDropHeight: 0
    maxJumpAcrossDistance: 0
    minRegionArea: 2
    manualCellSize: 0
    cellSize: 0.16666667
    manualTileSize: 0
    tileSize: 256
    accuratePlacement: 0
    debug:
      m_Flags: 0
  m_NavMeshData: {fileID: 0}
--- !u!1 &50917621
GameObject:
  m_ObjectHideFlags: 0
  m_CorrespondingSourceObject: {fileID: 0}
  m_PrefabInstance: {fileID: 0}
  m_PrefabAsset: {fileID: 0}
  serializedVersion: 6
  m_Component:
  - component: {fileID: 50917622}
  - component: {fileID: 50917623}
  - component: {fileID: 50917624}
  m_Layer: 0
  m_Name: GameObject
  m_TagString: Untagged
  m_Icon: {fileID: 0}
  m_NavMeshLayer: 0
  m_StaticEditorFlags: 0
  m_IsActive: 1
--- !u!4 &50917622
Transform:
  m_ObjectHideFlags: 0
  m_CorrespondingSourceObject: {fileID: 0}
  m_PrefabInstance: {fileID: 0}
  m_PrefabAsset: {fileID: 0}
  m_GameObject: {fileID: 50917621}
  m_LocalRotation: {x: -0, y: -0, z: -0.3094243, w: 0.95092404}
  m_LocalPosition: {x: -1.7, y: 2.57, z: 0}
  m_LocalScale: {x: 0.35009, y: 0.35009, z: 0.35009}
  m_Children:
  - {fileID: 3875479045426899732}
  - {fileID: 1874343249}
  - {fileID: 466250041}
  - {fileID: 1377165405}
  m_Father: {fileID: 0}
  m_RootOrder: 2
  m_LocalEulerAnglesHint: {x: 0, y: 0, z: -36.049004}
--- !u!95 &50917623
Animator:
  serializedVersion: 3
  m_ObjectHideFlags: 0
  m_CorrespondingSourceObject: {fileID: 0}
  m_PrefabInstance: {fileID: 0}
  m_PrefabAsset: {fileID: 0}
  m_GameObject: {fileID: 50917621}
  m_Enabled: 1
  m_Avatar: {fileID: 0}
  m_Controller: {fileID: 9100000, guid: 0c319ec7b3a69d04bbe803df97f8de0f, type: 2}
  m_CullingMode: 0
  m_UpdateMode: 0
  m_ApplyRootMotion: 0
  m_LinearVelocityBlending: 0
  m_WarningMessage: 
  m_HasTransformHierarchy: 1
  m_AllowConstantClipSamplingOptimization: 1
  m_KeepAnimatorControllerStateOnDisable: 0
--- !u!114 &50917624
MonoBehaviour:
  m_ObjectHideFlags: 0
  m_CorrespondingSourceObject: {fileID: 0}
  m_PrefabInstance: {fileID: 0}
  m_PrefabAsset: {fileID: 0}
  m_GameObject: {fileID: 50917621}
  m_Enabled: 1
  m_EditorHideFlags: 0
  m_Script: {fileID: 11500000, guid: a95ee4afd08187949b286ce3ab90b9e4, type: 3}
  m_Name: 
  m_EditorClassIdentifier: 
  mauve: {r: 0.5568628, g: 0.0627451, b: 0.5176471, a: 0}
  Pink: {r: 0.94117653, g: 0.04705883, b: 0.5058824, a: 0}
  Yellow: {r: 0.94117653, g: 0.8862746, b: 0.07450981, a: 0}
  Blue: {r: 0.18431373, g: 0.69411767, b: 0.8078432, a: 0}
--- !u!1 &154069769
GameObject:
  m_ObjectHideFlags: 0
  m_CorrespondingSourceObject: {fileID: 0}
  m_PrefabInstance: {fileID: 0}
  m_PrefabAsset: {fileID: 0}
  serializedVersion: 6
  m_Component:
  - component: {fileID: 154069772}
  - component: {fileID: 154069771}
  - component: {fileID: 154069770}
  m_Layer: 9
  m_Name: Main Camera
  m_TagString: MainCamera
  m_Icon: {fileID: 0}
  m_NavMeshLayer: 0
  m_StaticEditorFlags: 0
  m_IsActive: 1
--- !u!81 &154069770
AudioListener:
  m_ObjectHideFlags: 0
  m_CorrespondingSourceObject: {fileID: 0}
  m_PrefabInstance: {fileID: 0}
  m_PrefabAsset: {fileID: 0}
  m_GameObject: {fileID: 154069769}
  m_Enabled: 1
--- !u!20 &154069771
Camera:
  m_ObjectHideFlags: 0
  m_CorrespondingSourceObject: {fileID: 0}
  m_PrefabInstance: {fileID: 0}
  m_PrefabAsset: {fileID: 0}
  m_GameObject: {fileID: 154069769}
  m_Enabled: 1
  serializedVersion: 2
  m_ClearFlags: 1
  m_BackGroundColor: {r: 0.19215687, g: 0.3019608, b: 0.4745098, a: 0}
  m_projectionMatrixMode: 1
  m_SensorSize: {x: 36, y: 24}
  m_LensShift: {x: 0, y: 0}
  m_GateFitMode: 2
  m_FocalLength: 50
  m_NormalizedViewPortRect:
    serializedVersion: 2
    x: 0
    y: 0
    width: 1
    height: 1
  near clip plane: 0.3
  far clip plane: 1000
  field of view: 60
  orthographic: 1
  orthographic size: 5
  m_Depth: -1
  m_CullingMask:
    serializedVersion: 2
    m_Bits: 4294967295
  m_RenderingPath: -1
  m_TargetTexture: {fileID: 0}
  m_TargetDisplay: 0
  m_TargetEye: 3
  m_HDR: 1
  m_AllowMSAA: 1
  m_AllowDynamicResolution: 0
  m_ForceIntoRT: 0
  m_OcclusionCulling: 1
  m_StereoConvergence: 10
  m_StereoSeparation: 0.022
--- !u!4 &154069772
Transform:
  m_ObjectHideFlags: 0
  m_CorrespondingSourceObject: {fileID: 0}
  m_PrefabInstance: {fileID: 0}
  m_PrefabAsset: {fileID: 0}
  m_GameObject: {fileID: 154069769}
  m_LocalRotation: {x: -0, y: -0, z: -0, w: 1}
  m_LocalPosition: {x: 0, y: 11.334755, z: -31.759027}
  m_LocalScale: {x: 3.434774, y: 3.434774, z: 3.434774}
  m_Children: []
  m_Father: {fileID: 1071786372}
  m_RootOrder: 0
  m_LocalEulerAnglesHint: {x: 0, y: 0, z: 0}
--- !u!1001 &200338103
PrefabInstance:
  m_ObjectHideFlags: 0
  serializedVersion: 2
  m_Modification:
    m_TransformParent: {fileID: 1077406653}
    m_Modifications:
    - target: {fileID: 4368723066356924509, guid: 620f69846f9d0c9409a3e703d5353d6e,
        type: 3}
      propertyPath: m_Name
      value: bar (2)
      objectReference: {fileID: 0}
    - target: {fileID: 4867030261766555385, guid: 620f69846f9d0c9409a3e703d5353d6e,
        type: 3}
      propertyPath: m_LocalPosition.x
      value: 0
      objectReference: {fileID: 0}
    - target: {fileID: 4867030261766555385, guid: 620f69846f9d0c9409a3e703d5353d6e,
        type: 3}
      propertyPath: m_LocalPosition.y
      value: 0
      objectReference: {fileID: 0}
    - target: {fileID: 4867030261766555385, guid: 620f69846f9d0c9409a3e703d5353d6e,
        type: 3}
      propertyPath: m_LocalPosition.z
      value: 0
      objectReference: {fileID: 0}
    - target: {fileID: 4867030261766555385, guid: 620f69846f9d0c9409a3e703d5353d6e,
        type: 3}
      propertyPath: m_LocalRotation.x
      value: -0
      objectReference: {fileID: 0}
    - target: {fileID: 4867030261766555385, guid: 620f69846f9d0c9409a3e703d5353d6e,
        type: 3}
      propertyPath: m_LocalRotation.y
      value: -0
      objectReference: {fileID: 0}
    - target: {fileID: 4867030261766555385, guid: 620f69846f9d0c9409a3e703d5353d6e,
        type: 3}
      propertyPath: m_LocalRotation.z
      value: -0.70710677
      objectReference: {fileID: 0}
    - target: {fileID: 4867030261766555385, guid: 620f69846f9d0c9409a3e703d5353d6e,
        type: 3}
      propertyPath: m_LocalRotation.w
      value: 0.7071068
      objectReference: {fileID: 0}
    - target: {fileID: 4867030261766555385, guid: 620f69846f9d0c9409a3e703d5353d6e,
        type: 3}
      propertyPath: m_RootOrder
      value: 2
      objectReference: {fileID: 0}
    - target: {fileID: 4867030261766555385, guid: 620f69846f9d0c9409a3e703d5353d6e,
        type: 3}
      propertyPath: m_LocalEulerAnglesHint.x
      value: 0
      objectReference: {fileID: 0}
    - target: {fileID: 4867030261766555385, guid: 620f69846f9d0c9409a3e703d5353d6e,
        type: 3}
      propertyPath: m_LocalEulerAnglesHint.y
      value: 0
      objectReference: {fileID: 0}
    - target: {fileID: 4867030261766555385, guid: 620f69846f9d0c9409a3e703d5353d6e,
        type: 3}
      propertyPath: m_LocalEulerAnglesHint.z
      value: -90.00001
      objectReference: {fileID: 0}
    - target: {fileID: 4867030261766555385, guid: 620f69846f9d0c9409a3e703d5353d6e,
        type: 3}
      propertyPath: m_LocalScale.x
      value: 0.3894991
      objectReference: {fileID: 0}
    - target: {fileID: 4867030261766555385, guid: 620f69846f9d0c9409a3e703d5353d6e,
        type: 3}
      propertyPath: m_LocalScale.y
      value: 0.3894991
      objectReference: {fileID: 0}
    - target: {fileID: 4867030261766555385, guid: 620f69846f9d0c9409a3e703d5353d6e,
        type: 3}
      propertyPath: m_LocalScale.z
      value: 0.3894991
      objectReference: {fileID: 0}
    - target: {fileID: 4442008824971071740, guid: 620f69846f9d0c9409a3e703d5353d6e,
        type: 3}
      propertyPath: m_Color.r
      value: 0.94117653
      objectReference: {fileID: 0}
    - target: {fileID: 4442008824971071740, guid: 620f69846f9d0c9409a3e703d5353d6e,
        type: 3}
      propertyPath: m_Color.g
      value: 0.04705883
      objectReference: {fileID: 0}
    - target: {fileID: 4442008824971071740, guid: 620f69846f9d0c9409a3e703d5353d6e,
        type: 3}
      propertyPath: m_Color.b
      value: 0.5058824
      objectReference: {fileID: 0}
    m_RemovedComponents: []
  m_SourcePrefab: {fileID: 100100000, guid: 620f69846f9d0c9409a3e703d5353d6e, type: 3}
--- !u!1001 &211446465
PrefabInstance:
  m_ObjectHideFlags: 0
  serializedVersion: 2
  m_Modification:
    m_TransformParent: {fileID: 216776254}
    m_Modifications:
    - target: {fileID: 4368723066356924509, guid: 620f69846f9d0c9409a3e703d5353d6e,
        type: 3}
      propertyPath: m_Name
      value: bar (3)
      objectReference: {fileID: 0}
    - target: {fileID: 4867030261766555385, guid: 620f69846f9d0c9409a3e703d5353d6e,
        type: 3}
      propertyPath: m_LocalPosition.x
      value: 0
      objectReference: {fileID: 0}
    - target: {fileID: 4867030261766555385, guid: 620f69846f9d0c9409a3e703d5353d6e,
        type: 3}
      propertyPath: m_LocalPosition.y
      value: 0
      objectReference: {fileID: 0}
    - target: {fileID: 4867030261766555385, guid: 620f69846f9d0c9409a3e703d5353d6e,
        type: 3}
      propertyPath: m_LocalPosition.z
      value: 0
      objectReference: {fileID: 0}
    - target: {fileID: 4867030261766555385, guid: 620f69846f9d0c9409a3e703d5353d6e,
        type: 3}
      propertyPath: m_LocalRotation.x
      value: -0
      objectReference: {fileID: 0}
    - target: {fileID: 4867030261766555385, guid: 620f69846f9d0c9409a3e703d5353d6e,
        type: 3}
      propertyPath: m_LocalRotation.y
      value: -0
      objectReference: {fileID: 0}
    - target: {fileID: 4867030261766555385, guid: 620f69846f9d0c9409a3e703d5353d6e,
        type: 3}
      propertyPath: m_LocalRotation.z
      value: 0.70710695
      objectReference: {fileID: 0}
    - target: {fileID: 4867030261766555385, guid: 620f69846f9d0c9409a3e703d5353d6e,
        type: 3}
      propertyPath: m_LocalRotation.w
      value: 0.7071067
      objectReference: {fileID: 0}
    - target: {fileID: 4867030261766555385, guid: 620f69846f9d0c9409a3e703d5353d6e,
        type: 3}
      propertyPath: m_RootOrder
      value: 3
      objectReference: {fileID: 0}
    - target: {fileID: 4867030261766555385, guid: 620f69846f9d0c9409a3e703d5353d6e,
        type: 3}
      propertyPath: m_LocalEulerAnglesHint.x
      value: 0
      objectReference: {fileID: 0}
    - target: {fileID: 4867030261766555385, guid: 620f69846f9d0c9409a3e703d5353d6e,
        type: 3}
      propertyPath: m_LocalEulerAnglesHint.y
      value: 0
      objectReference: {fileID: 0}
    - target: {fileID: 4867030261766555385, guid: 620f69846f9d0c9409a3e703d5353d6e,
        type: 3}
      propertyPath: m_LocalEulerAnglesHint.z
      value: 90.00001
      objectReference: {fileID: 0}
    - target: {fileID: 4867030261766555385, guid: 620f69846f9d0c9409a3e703d5353d6e,
        type: 3}
      propertyPath: m_LocalScale.x
      value: 0.38949934
      objectReference: {fileID: 0}
    - target: {fileID: 4867030261766555385, guid: 620f69846f9d0c9409a3e703d5353d6e,
        type: 3}
      propertyPath: m_LocalScale.y
      value: 0.38949934
      objectReference: {fileID: 0}
    - target: {fileID: 4867030261766555385, guid: 620f69846f9d0c9409a3e703d5353d6e,
        type: 3}
      propertyPath: m_LocalScale.z
      value: 0.3894991
      objectReference: {fileID: 0}
    - target: {fileID: 4442008824971071740, guid: 620f69846f9d0c9409a3e703d5353d6e,
        type: 3}
      propertyPath: m_Color.r
      value: 0.18431373
      objectReference: {fileID: 0}
    - target: {fileID: 4442008824971071740, guid: 620f69846f9d0c9409a3e703d5353d6e,
        type: 3}
      propertyPath: m_Color.g
      value: 0.69411767
      objectReference: {fileID: 0}
    - target: {fileID: 4442008824971071740, guid: 620f69846f9d0c9409a3e703d5353d6e,
        type: 3}
      propertyPath: m_Color.b
      value: 0.8078432
      objectReference: {fileID: 0}
    m_RemovedComponents: []
  m_SourcePrefab: {fileID: 100100000, guid: 620f69846f9d0c9409a3e703d5353d6e, type: 3}
--- !u!1 &216776252
GameObject:
  m_ObjectHideFlags: 0
  m_CorrespondingSourceObject: {fileID: 0}
  m_PrefabInstance: {fileID: 0}
  m_PrefabAsset: {fileID: 0}
  serializedVersion: 6
  m_Component:
  - component: {fileID: 216776254}
  - component: {fileID: 216776253}
  m_Layer: 0
  m_Name: cross1
  m_TagString: Untagged
  m_Icon: {fileID: 0}
  m_NavMeshLayer: 0
  m_StaticEditorFlags: 0
  m_IsActive: 1
--- !u!95 &216776253
Animator:
  serializedVersion: 3
  m_ObjectHideFlags: 0
  m_CorrespondingSourceObject: {fileID: 0}
  m_PrefabInstance: {fileID: 0}
  m_PrefabAsset: {fileID: 0}
  m_GameObject: {fileID: 216776252}
  m_Enabled: 1
  m_Avatar: {fileID: 0}
  m_Controller: {fileID: 9100000, guid: 173b9492695d23b4c8120772d111f70e, type: 2}
  m_CullingMode: 0
  m_UpdateMode: 0
  m_ApplyRootMotion: 0
  m_LinearVelocityBlending: 0
  m_WarningMessage: 
  m_HasTransformHierarchy: 1
  m_AllowConstantClipSamplingOptimization: 1
  m_KeepAnimatorControllerStateOnDisable: 0
--- !u!4 &216776254
Transform:
  m_ObjectHideFlags: 0
  m_CorrespondingSourceObject: {fileID: 0}
  m_PrefabInstance: {fileID: 0}
  m_PrefabAsset: {fileID: 0}
  m_GameObject: {fileID: 216776252}
  m_LocalRotation: {x: 0, y: 0, z: 0, w: 1}
  m_LocalPosition: {x: -2.44, y: -0.77, z: 0.000096513}
  m_LocalScale: {x: 0.73457, y: 0.73457, z: 0.73457}
  m_Children:
  - {fileID: 649910552}
  - {fileID: 765142377}
  - {fileID: 365363497}
  - {fileID: 1444022794}
  m_Father: {fileID: 0}
  m_RootOrder: 9
  m_LocalEulerAnglesHint: {x: 0, y: 0, z: 0}
--- !u!1 &352636866
GameObject:
  m_ObjectHideFlags: 0
  m_CorrespondingSourceObject: {fileID: 0}
  m_PrefabInstance: {fileID: 0}
  m_PrefabAsset: {fileID: 0}
  serializedVersion: 6
  m_Component:
  - component: {fileID: 352636867}
  - component: {fileID: 352636868}
  - component: {fileID: 352636870}
  - component: {fileID: 352636869}
  m_Layer: 0
  m_Name: CircleContainer
  m_TagString: Untagged
  m_Icon: {fileID: 0}
  m_NavMeshLayer: 0
  m_StaticEditorFlags: 0
  m_IsActive: 1
--- !u!4 &352636867
Transform:
  m_ObjectHideFlags: 0
  m_CorrespondingSourceObject: {fileID: 0}
  m_PrefabInstance: {fileID: 0}
  m_PrefabAsset: {fileID: 0}
  m_GameObject: {fileID: 352636866}
  m_LocalRotation: {x: 0, y: 0, z: 0, w: 1}
  m_LocalPosition: {x: -1.7400001, y: 5.6, z: -0.89729655}
  m_LocalScale: {x: -0.05016, y: -0.05016, z: -0.05016}
  m_Children: []
  m_Father: {fileID: 0}
  m_RootOrder: 3
  m_LocalEulerAnglesHint: {x: 0, y: 0, z: 0}
--- !u!212 &352636868
SpriteRenderer:
  m_ObjectHideFlags: 0
  m_CorrespondingSourceObject: {fileID: 0}
  m_PrefabInstance: {fileID: 0}
  m_PrefabAsset: {fileID: 0}
  m_GameObject: {fileID: 352636866}
  m_Enabled: 1
  m_CastShadows: 0
  m_ReceiveShadows: 0
  m_DynamicOccludee: 1
  m_MotionVectors: 1
  m_LightProbeUsage: 1
  m_ReflectionProbeUsage: 1
  m_RenderingLayerMask: 1
  m_RendererPriority: 0
  m_Materials:
  - {fileID: 10754, guid: 0000000000000000f000000000000000, type: 0}
  m_StaticBatchInfo:
    firstSubMesh: 0
    subMeshCount: 0
  m_StaticBatchRoot: {fileID: 0}
  m_ProbeAnchor: {fileID: 0}
  m_LightProbeVolumeOverride: {fileID: 0}
  m_ScaleInLightmap: 1
  m_PreserveUVs: 0
  m_IgnoreNormalsForChartDetection: 0
  m_ImportantGI: 0
  m_StitchLightmapSeams: 0
  m_SelectedEditorRenderState: 0
  m_MinimumChartSize: 4
  m_AutoUVMaxDistance: 0.5
  m_AutoUVMaxAngle: 89
  m_LightmapParameters: {fileID: 0}
  m_SortingLayerID: 0
  m_SortingLayer: 0
  m_SortingOrder: 0
  m_Sprite: {fileID: 21300000, guid: 4d0cd1ae79c9e5f47b797655fe9dfbea, type: 3}
  m_Color: {r: 1, g: 1, b: 1, a: 1}
  m_FlipX: 0
  m_FlipY: 0
  m_DrawMode: 0
  m_Size: {x: 10.42, y: 10.42}
  m_AdaptiveModeThreshold: 0.5
  m_SpriteTileMode: 0
  m_WasSpriteAssigned: 1
  m_MaskInteraction: 0
  m_SpriteSortPoint: 0
--- !u!114 &352636869
MonoBehaviour:
  m_ObjectHideFlags: 0
  m_CorrespondingSourceObject: {fileID: 0}
  m_PrefabInstance: {fileID: 0}
  m_PrefabAsset: {fileID: 0}
  m_GameObject: {fileID: 352636866}
  m_Enabled: 1
  m_EditorHideFlags: 0
  m_Script: {fileID: 11500000, guid: a95ee4afd08187949b286ce3ab90b9e4, type: 3}
  m_Name: 
  m_EditorClassIdentifier: 
  mauve: {r: 0.5568628, g: 0.0627451, b: 0.5176471, a: 1}
  Pink: {r: 0.94117653, g: 0.04705883, b: 0.5058824, a: 1}
  Yellow: {r: 0.94117653, g: 0.8862746, b: 0.07450981, a: 1}
  Blue: {r: 0.20000002, g: 0.7137255, b: 0.95294124, a: 1}
--- !u!58 &352636870
CircleCollider2D:
  m_ObjectHideFlags: 0
  m_CorrespondingSourceObject: {fileID: 0}
  m_PrefabInstance: {fileID: 0}
  m_PrefabAsset: {fileID: 0}
  m_GameObject: {fileID: 352636866}
  m_Enabled: 1
  m_Density: 1
  m_Material: {fileID: 0}
  m_IsTrigger: 1
  m_UsedByEffector: 0
  m_UsedByComposite: 0
  m_Offset: {x: 0, y: 0}
  serializedVersion: 2
  m_Radius: 5.21
--- !u!1 &365363496 stripped
GameObject:
  m_CorrespondingSourceObject: {fileID: 4368723066356924509, guid: 620f69846f9d0c9409a3e703d5353d6e,
    type: 3}
  m_PrefabInstance: {fileID: 1542015995}
  m_PrefabAsset: {fileID: 0}
--- !u!4 &365363497 stripped
Transform:
  m_CorrespondingSourceObject: {fileID: 4867030261766555385, guid: 620f69846f9d0c9409a3e703d5353d6e,
    type: 3}
  m_PrefabInstance: {fileID: 1542015995}
  m_PrefabAsset: {fileID: 0}
--- !u!61 &365363499
BoxCollider2D:
  m_ObjectHideFlags: 0
  m_CorrespondingSourceObject: {fileID: 0}
  m_PrefabInstance: {fileID: 0}
  m_PrefabAsset: {fileID: 0}
  m_GameObject: {fileID: 365363496}
  m_Enabled: 1
  m_Density: 1
  m_Material: {fileID: 0}
  m_IsTrigger: 0
  m_UsedByEffector: 0
  m_UsedByComposite: 0
  m_Offset: {x: 1.6, y: 0}
  m_SpriteTilingProperty:
    border: {x: 0, y: 0, z: 0, w: 0}
    pivot: {x: 0, y: 0.5}
    oldSize: {x: 3.2, y: 0.36}
    newSize: {x: 3.2, y: 0.36}
    adaptiveTilingThreshold: 0.5
    drawMode: 0
    adaptiveTiling: 0
  m_AutoTiling: 0
  serializedVersion: 2
  m_Size: {x: 3.2, y: 0.36}
  m_EdgeRadius: 0
--- !u!1001 &406747644
PrefabInstance:
  m_ObjectHideFlags: 0
  serializedVersion: 2
  m_Modification:
    m_TransformParent: {fileID: 1077406653}
    m_Modifications:
    - target: {fileID: 4368723066356924509, guid: 620f69846f9d0c9409a3e703d5353d6e,
        type: 3}
      propertyPath: m_Name
      value: bar (1)
      objectReference: {fileID: 0}
    - target: {fileID: 4867030261766555385, guid: 620f69846f9d0c9409a3e703d5353d6e,
        type: 3}
      propertyPath: m_LocalPosition.x
      value: 0
      objectReference: {fileID: 0}
    - target: {fileID: 4867030261766555385, guid: 620f69846f9d0c9409a3e703d5353d6e,
        type: 3}
      propertyPath: m_LocalPosition.y
      value: 0
      objectReference: {fileID: 0}
    - target: {fileID: 4867030261766555385, guid: 620f69846f9d0c9409a3e703d5353d6e,
        type: 3}
      propertyPath: m_LocalPosition.z
      value: 0
      objectReference: {fileID: 0}
    - target: {fileID: 4867030261766555385, guid: 620f69846f9d0c9409a3e703d5353d6e,
        type: 3}
      propertyPath: m_LocalRotation.x
      value: -0
      objectReference: {fileID: 0}
    - target: {fileID: 4867030261766555385, guid: 620f69846f9d0c9409a3e703d5353d6e,
        type: 3}
      propertyPath: m_LocalRotation.y
      value: -0
      objectReference: {fileID: 0}
    - target: {fileID: 4867030261766555385, guid: 620f69846f9d0c9409a3e703d5353d6e,
        type: 3}
      propertyPath: m_LocalRotation.z
      value: -1
      objectReference: {fileID: 0}
    - target: {fileID: 4867030261766555385, guid: 620f69846f9d0c9409a3e703d5353d6e,
        type: 3}
      propertyPath: m_LocalRotation.w
      value: -0.00000035762784
      objectReference: {fileID: 0}
    - target: {fileID: 4867030261766555385, guid: 620f69846f9d0c9409a3e703d5353d6e,
        type: 3}
      propertyPath: m_RootOrder
      value: 1
      objectReference: {fileID: 0}
    - target: {fileID: 4867030261766555385, guid: 620f69846f9d0c9409a3e703d5353d6e,
        type: 3}
      propertyPath: m_LocalEulerAnglesHint.x
      value: 0
      objectReference: {fileID: 0}
    - target: {fileID: 4867030261766555385, guid: 620f69846f9d0c9409a3e703d5353d6e,
        type: 3}
      propertyPath: m_LocalEulerAnglesHint.y
      value: 0
      objectReference: {fileID: 0}
    - target: {fileID: 4867030261766555385, guid: 620f69846f9d0c9409a3e703d5353d6e,
        type: 3}
      propertyPath: m_LocalEulerAnglesHint.z
      value: -179.99998
      objectReference: {fileID: 0}
    - target: {fileID: 4867030261766555385, guid: 620f69846f9d0c9409a3e703d5353d6e,
        type: 3}
      propertyPath: m_LocalScale.x
      value: 0.3894991
      objectReference: {fileID: 0}
    - target: {fileID: 4867030261766555385, guid: 620f69846f9d0c9409a3e703d5353d6e,
        type: 3}
      propertyPath: m_LocalScale.y
      value: 0.3894991
      objectReference: {fileID: 0}
    - target: {fileID: 4867030261766555385, guid: 620f69846f9d0c9409a3e703d5353d6e,
        type: 3}
      propertyPath: m_LocalScale.z
      value: 0.3894991
      objectReference: {fileID: 0}
    - target: {fileID: 4442008824971071740, guid: 620f69846f9d0c9409a3e703d5353d6e,
        type: 3}
      propertyPath: m_Color.r
      value: 0.94117653
      objectReference: {fileID: 0}
    - target: {fileID: 4442008824971071740, guid: 620f69846f9d0c9409a3e703d5353d6e,
        type: 3}
      propertyPath: m_Color.g
      value: 0.8862746
      objectReference: {fileID: 0}
    - target: {fileID: 4442008824971071740, guid: 620f69846f9d0c9409a3e703d5353d6e,
        type: 3}
      propertyPath: m_Color.b
      value: 0.07450981
      objectReference: {fileID: 0}
    m_RemovedComponents: []
  m_SourcePrefab: {fileID: 100100000, guid: 620f69846f9d0c9409a3e703d5353d6e, type: 3}
--- !u!1001 &466250040
PrefabInstance:
  m_ObjectHideFlags: 0
  serializedVersion: 2
  m_Modification:
    m_TransformParent: {fileID: 50917622}
    m_Modifications:
    - target: {fileID: 1425444868336602030, guid: 4eaff177b9dbb4c4792c14a6d8ba1a01,
        type: 3}
      propertyPath: m_Name
      value: PartColor (2)
      objectReference: {fileID: 0}
    - target: {fileID: 1425444868336602030, guid: 4eaff177b9dbb4c4792c14a6d8ba1a01,
        type: 3}
      propertyPath: m_IsActive
      value: 1
      objectReference: {fileID: 0}
    - target: {fileID: 8817418004676697574, guid: 4eaff177b9dbb4c4792c14a6d8ba1a01,
        type: 3}
      propertyPath: m_LocalPosition.x
      value: 0
      objectReference: {fileID: 0}
    - target: {fileID: 8817418004676697574, guid: 4eaff177b9dbb4c4792c14a6d8ba1a01,
        type: 3}
      propertyPath: m_LocalPosition.y
      value: 0
      objectReference: {fileID: 0}
    - target: {fileID: 8817418004676697574, guid: 4eaff177b9dbb4c4792c14a6d8ba1a01,
        type: 3}
      propertyPath: m_LocalPosition.z
      value: 0
      objectReference: {fileID: 0}
    - target: {fileID: 8817418004676697574, guid: 4eaff177b9dbb4c4792c14a6d8ba1a01,
        type: 3}
      propertyPath: m_LocalRotation.x
      value: -0
      objectReference: {fileID: 0}
    - target: {fileID: 8817418004676697574, guid: 4eaff177b9dbb4c4792c14a6d8ba1a01,
        type: 3}
      propertyPath: m_LocalRotation.y
      value: -0
      objectReference: {fileID: 0}
    - target: {fileID: 8817418004676697574, guid: 4eaff177b9dbb4c4792c14a6d8ba1a01,
        type: 3}
      propertyPath: m_LocalRotation.z
      value: 1
      objectReference: {fileID: 0}
    - target: {fileID: 8817418004676697574, guid: 4eaff177b9dbb4c4792c14a6d8ba1a01,
        type: 3}
      propertyPath: m_LocalRotation.w
      value: 0
      objectReference: {fileID: 0}
    - target: {fileID: 8817418004676697574, guid: 4eaff177b9dbb4c4792c14a6d8ba1a01,
        type: 3}
      propertyPath: m_RootOrder
      value: 2
      objectReference: {fileID: 0}
    - target: {fileID: 8817418004676697574, guid: 4eaff177b9dbb4c4792c14a6d8ba1a01,
        type: 3}
      propertyPath: m_LocalEulerAnglesHint.x
      value: 0
      objectReference: {fileID: 0}
    - target: {fileID: 8817418004676697574, guid: 4eaff177b9dbb4c4792c14a6d8ba1a01,
        type: 3}
      propertyPath: m_LocalEulerAnglesHint.y
      value: 0
      objectReference: {fileID: 0}
    - target: {fileID: 8817418004676697574, guid: 4eaff177b9dbb4c4792c14a6d8ba1a01,
        type: 3}
      propertyPath: m_LocalEulerAnglesHint.z
      value: 180
      objectReference: {fileID: 0}
    - target: {fileID: 3957907294326437118, guid: 4eaff177b9dbb4c4792c14a6d8ba1a01,
        type: 3}
      propertyPath: m_Color.r
      value: 0.5568628
      objectReference: {fileID: 0}
    - target: {fileID: 3957907294326437118, guid: 4eaff177b9dbb4c4792c14a6d8ba1a01,
        type: 3}
      propertyPath: m_Color.g
      value: 0.0627451
      objectReference: {fileID: 0}
    - target: {fileID: 3957907294326437118, guid: 4eaff177b9dbb4c4792c14a6d8ba1a01,
        type: 3}
      propertyPath: m_Color.b
      value: 0.5176471
      objectReference: {fileID: 0}
    m_RemovedComponents: []
  m_SourcePrefab: {fileID: 100100000, guid: 4eaff177b9dbb4c4792c14a6d8ba1a01, type: 3}
--- !u!4 &466250041 stripped
Transform:
  m_CorrespondingSourceObject: {fileID: 8817418004676697574, guid: 4eaff177b9dbb4c4792c14a6d8ba1a01,
    type: 3}
  m_PrefabInstance: {fileID: 466250040}
  m_PrefabAsset: {fileID: 0}
--- !u!1 &589266686 stripped
GameObject:
  m_CorrespondingSourceObject: {fileID: 4368723066356924509, guid: 620f69846f9d0c9409a3e703d5353d6e,
    type: 3}
  m_PrefabInstance: {fileID: 200338103}
  m_PrefabAsset: {fileID: 0}
--- !u!4 &589266687 stripped
Transform:
  m_CorrespondingSourceObject: {fileID: 4867030261766555385, guid: 620f69846f9d0c9409a3e703d5353d6e,
    type: 3}
  m_PrefabInstance: {fileID: 200338103}
  m_PrefabAsset: {fileID: 0}
--- !u!61 &589266689
BoxCollider2D:
  m_ObjectHideFlags: 0
  m_CorrespondingSourceObject: {fileID: 0}
  m_PrefabInstance: {fileID: 0}
  m_PrefabAsset: {fileID: 0}
  m_GameObject: {fileID: 589266686}
  m_Enabled: 1
  m_Density: 1
  m_Material: {fileID: 0}
  m_IsTrigger: 0
  m_UsedByEffector: 0
  m_UsedByComposite: 0
  m_Offset: {x: 1.6, y: 0}
  m_SpriteTilingProperty:
    border: {x: 0, y: 0, z: 0, w: 0}
    pivot: {x: 0, y: 0.5}
    oldSize: {x: 3.2, y: 0.36}
    newSize: {x: 3.2, y: 0.36}
    adaptiveTilingThreshold: 0.5
    drawMode: 0
    adaptiveTiling: 0
  m_AutoTiling: 0
  serializedVersion: 2
  m_Size: {x: 3.2, y: 0.36}
  m_EdgeRadius: 0
--- !u!1001 &589591027
PrefabInstance:
  m_ObjectHideFlags: 0
  serializedVersion: 2
  m_Modification:
    m_TransformParent: {fileID: 1077406653}
    m_Modifications:
    - target: {fileID: 4368723066356924509, guid: 620f69846f9d0c9409a3e703d5353d6e,
        type: 3}
      propertyPath: m_Name
      value: bar (3)
      objectReference: {fileID: 0}
    - target: {fileID: 4867030261766555385, guid: 620f69846f9d0c9409a3e703d5353d6e,
        type: 3}
      propertyPath: m_LocalPosition.x
      value: 0
      objectReference: {fileID: 0}
    - target: {fileID: 4867030261766555385, guid: 620f69846f9d0c9409a3e703d5353d6e,
        type: 3}
      propertyPath: m_LocalPosition.y
      value: 0
      objectReference: {fileID: 0}
    - target: {fileID: 4867030261766555385, guid: 620f69846f9d0c9409a3e703d5353d6e,
        type: 3}
      propertyPath: m_LocalPosition.z
      value: 0
      objectReference: {fileID: 0}
    - target: {fileID: 4867030261766555385, guid: 620f69846f9d0c9409a3e703d5353d6e,
        type: 3}
      propertyPath: m_LocalRotation.x
      value: -0
      objectReference: {fileID: 0}
    - target: {fileID: 4867030261766555385, guid: 620f69846f9d0c9409a3e703d5353d6e,
        type: 3}
      propertyPath: m_LocalRotation.y
      value: -0
      objectReference: {fileID: 0}
    - target: {fileID: 4867030261766555385, guid: 620f69846f9d0c9409a3e703d5353d6e,
        type: 3}
      propertyPath: m_LocalRotation.z
      value: 0.70710695
      objectReference: {fileID: 0}
    - target: {fileID: 4867030261766555385, guid: 620f69846f9d0c9409a3e703d5353d6e,
        type: 3}
      propertyPath: m_LocalRotation.w
      value: 0.7071067
      objectReference: {fileID: 0}
    - target: {fileID: 4867030261766555385, guid: 620f69846f9d0c9409a3e703d5353d6e,
        type: 3}
      propertyPath: m_RootOrder
      value: 3
      objectReference: {fileID: 0}
    - target: {fileID: 4867030261766555385, guid: 620f69846f9d0c9409a3e703d5353d6e,
        type: 3}
      propertyPath: m_LocalEulerAnglesHint.x
      value: 0
      objectReference: {fileID: 0}
    - target: {fileID: 4867030261766555385, guid: 620f69846f9d0c9409a3e703d5353d6e,
        type: 3}
      propertyPath: m_LocalEulerAnglesHint.y
      value: 0
      objectReference: {fileID: 0}
    - target: {fileID: 4867030261766555385, guid: 620f69846f9d0c9409a3e703d5353d6e,
        type: 3}
      propertyPath: m_LocalEulerAnglesHint.z
      value: 90.00001
      objectReference: {fileID: 0}
    - target: {fileID: 4867030261766555385, guid: 620f69846f9d0c9409a3e703d5353d6e,
        type: 3}
      propertyPath: m_LocalScale.x
      value: 0.38949934
      objectReference: {fileID: 0}
    - target: {fileID: 4867030261766555385, guid: 620f69846f9d0c9409a3e703d5353d6e,
        type: 3}
      propertyPath: m_LocalScale.y
      value: 0.38949934
      objectReference: {fileID: 0}
    - target: {fileID: 4867030261766555385, guid: 620f69846f9d0c9409a3e703d5353d6e,
        type: 3}
      propertyPath: m_LocalScale.z
      value: 0.3894991
      objectReference: {fileID: 0}
    - target: {fileID: 4442008824971071740, guid: 620f69846f9d0c9409a3e703d5353d6e,
        type: 3}
      propertyPath: m_Color.r
      value: 0.18431373
      objectReference: {fileID: 0}
    - target: {fileID: 4442008824971071740, guid: 620f69846f9d0c9409a3e703d5353d6e,
        type: 3}
      propertyPath: m_Color.g
      value: 0.69411767
      objectReference: {fileID: 0}
    - target: {fileID: 4442008824971071740, guid: 620f69846f9d0c9409a3e703d5353d6e,
        type: 3}
      propertyPath: m_Color.b
      value: 0.8078432
      objectReference: {fileID: 0}
    m_RemovedComponents: []
  m_SourcePrefab: {fileID: 100100000, guid: 620f69846f9d0c9409a3e703d5353d6e, type: 3}
--- !u!1 &649910551 stripped
GameObject:
  m_CorrespondingSourceObject: {fileID: 4368723066356924509, guid: 620f69846f9d0c9409a3e703d5353d6e,
    type: 3}
  m_PrefabInstance: {fileID: 1638260737}
  m_PrefabAsset: {fileID: 0}
--- !u!4 &649910552 stripped
Transform:
  m_CorrespondingSourceObject: {fileID: 4867030261766555385, guid: 620f69846f9d0c9409a3e703d5353d6e,
    type: 3}
  m_PrefabInstance: {fileID: 1638260737}
  m_PrefabAsset: {fileID: 0}
--- !u!61 &649910554
BoxCollider2D:
  m_ObjectHideFlags: 0
  m_CorrespondingSourceObject: {fileID: 0}
  m_PrefabInstance: {fileID: 0}
  m_PrefabAsset: {fileID: 0}
  m_GameObject: {fileID: 649910551}
  m_Enabled: 1
  m_Density: 1
  m_Material: {fileID: 0}
  m_IsTrigger: 0
  m_UsedByEffector: 0
  m_UsedByComposite: 0
  m_Offset: {x: 1.6, y: 0}
  m_SpriteTilingProperty:
    border: {x: 0, y: 0, z: 0, w: 0}
    pivot: {x: 0, y: 0.5}
    oldSize: {x: 3.2, y: 0.36}
    newSize: {x: 3.2, y: 0.36}
    adaptiveTilingThreshold: 0.5
    drawMode: 0
    adaptiveTiling: 0
  m_AutoTiling: 0
  serializedVersion: 2
  m_Size: {x: 3.2, y: 0.36}
  m_EdgeRadius: 0
--- !u!1 &765142376 stripped
GameObject:
  m_CorrespondingSourceObject: {fileID: 4368723066356924509, guid: 620f69846f9d0c9409a3e703d5353d6e,
    type: 3}
  m_PrefabInstance: {fileID: 2063022529}
  m_PrefabAsset: {fileID: 0}
--- !u!4 &765142377 stripped
Transform:
  m_CorrespondingSourceObject: {fileID: 4867030261766555385, guid: 620f69846f9d0c9409a3e703d5353d6e,
    type: 3}
  m_PrefabInstance: {fileID: 2063022529}
  m_PrefabAsset: {fileID: 0}
--- !u!61 &765142379
BoxCollider2D:
  m_ObjectHideFlags: 0
  m_CorrespondingSourceObject: {fileID: 0}
  m_PrefabInstance: {fileID: 0}
  m_PrefabAsset: {fileID: 0}
  m_GameObject: {fileID: 765142376}
  m_Enabled: 1
  m_Density: 1
  m_Material: {fileID: 0}
  m_IsTrigger: 0
  m_UsedByEffector: 0
  m_UsedByComposite: 0
  m_Offset: {x: 1.6, y: 0}
  m_SpriteTilingProperty:
    border: {x: 0, y: 0, z: 0, w: 0}
    pivot: {x: 0, y: 0.5}
    oldSize: {x: 3.2, y: 0.36}
    newSize: {x: 3.2, y: 0.36}
    adaptiveTilingThreshold: 0.5
    drawMode: 0
    adaptiveTiling: 0
  m_AutoTiling: 0
  serializedVersion: 2
  m_Size: {x: 3.2, y: 0.36}
  m_EdgeRadius: 0
--- !u!1 &937260406
GameObject:
  m_ObjectHideFlags: 0
  m_CorrespondingSourceObject: {fileID: 0}
  m_PrefabInstance: {fileID: 0}
  m_PrefabAsset: {fileID: 0}
  serializedVersion: 6
  m_Component:
  - component: {fileID: 937260410}
  - component: {fileID: 937260409}
  - component: {fileID: 937260408}
  - component: {fileID: 937260407}
  m_Layer: 0
  m_Name: CircleContainer (1)
  m_TagString: Untagged
  m_Icon: {fileID: 0}
  m_NavMeshLayer: 0
  m_StaticEditorFlags: 0
  m_IsActive: 1
--- !u!114 &937260407
MonoBehaviour:
  m_ObjectHideFlags: 0
  m_CorrespondingSourceObject: {fileID: 0}
  m_PrefabInstance: {fileID: 0}
  m_PrefabAsset: {fileID: 0}
  m_GameObject: {fileID: 937260406}
  m_Enabled: 1
  m_EditorHideFlags: 0
  m_Script: {fileID: 11500000, guid: a95ee4afd08187949b286ce3ab90b9e4, type: 3}
  m_Name: 
  m_EditorClassIdentifier: 
  mauve: {r: 0.5568628, g: 0.0627451, b: 0.5176471, a: 1}
  Pink: {r: 0.94117653, g: 0.04705883, b: 0.5058824, a: 1}
  Yellow: {r: 0.94117653, g: 0.8862746, b: 0.07450981, a: 1}
  Blue: {r: 0.20000002, g: 0.7137255, b: 0.95294124, a: 1}
--- !u!58 &937260408
CircleCollider2D:
  m_ObjectHideFlags: 0
  m_CorrespondingSourceObject: {fileID: 0}
  m_PrefabInstance: {fileID: 0}
  m_PrefabAsset: {fileID: 0}
  m_GameObject: {fileID: 937260406}
  m_Enabled: 1
  m_Density: 1
  m_Material: {fileID: 0}
  m_IsTrigger: 1
  m_UsedByEffector: 0
  m_UsedByComposite: 0
  m_Offset: {x: 0, y: 0}
  serializedVersion: 2
  m_Radius: 5.21
--- !u!212 &937260409
SpriteRenderer:
  m_ObjectHideFlags: 0
  m_CorrespondingSourceObject: {fileID: 0}
  m_PrefabInstance: {fileID: 0}
  m_PrefabAsset: {fileID: 0}
  m_GameObject: {fileID: 937260406}
  m_Enabled: 1
  m_CastShadows: 0
  m_ReceiveShadows: 0
  m_DynamicOccludee: 1
  m_MotionVectors: 1
  m_LightProbeUsage: 1
  m_ReflectionProbeUsage: 1
  m_RenderingLayerMask: 1
  m_RendererPriority: 0
  m_Materials:
  - {fileID: 10754, guid: 0000000000000000f000000000000000, type: 0}
  m_StaticBatchInfo:
    firstSubMesh: 0
    subMeshCount: 0
  m_StaticBatchRoot: {fileID: 0}
  m_ProbeAnchor: {fileID: 0}
  m_LightProbeVolumeOverride: {fileID: 0}
  m_ScaleInLightmap: 1
  m_PreserveUVs: 0
  m_IgnoreNormalsForChartDetection: 0
  m_ImportantGI: 0
  m_StitchLightmapSeams: 0
  m_SelectedEditorRenderState: 0
  m_MinimumChartSize: 4
  m_AutoUVMaxDistance: 0.5
  m_AutoUVMaxAngle: 89
  m_LightmapParameters: {fileID: 0}
  m_SortingLayerID: 0
  m_SortingLayer: 0
  m_SortingOrder: 0
  m_Sprite: {fileID: 21300000, guid: 4d0cd1ae79c9e5f47b797655fe9dfbea, type: 3}
  m_Color: {r: 1, g: 1, b: 1, a: 1}
  m_FlipX: 0
  m_FlipY: 0
  m_DrawMode: 0
  m_Size: {x: 10.42, y: 10.42}
  m_AdaptiveModeThreshold: 0.5
  m_SpriteTileMode: 0
  m_WasSpriteAssigned: 1
  m_MaskInteraction: 0
  m_SpriteSortPoint: 0
--- !u!4 &937260410
Transform:
  m_ObjectHideFlags: 0
  m_CorrespondingSourceObject: {fileID: 0}
  m_PrefabInstance: {fileID: 0}
  m_PrefabAsset: {fileID: 0}
  m_GameObject: {fileID: 937260406}
  m_LocalRotation: {x: 0, y: 0, z: 0, w: 1}
  m_LocalPosition: {x: -1.7400001, y: 12.54, z: -0.89729655}
  m_LocalScale: {x: -0.05016, y: -0.05016, z: -0.05016}
  m_Children: []
  m_Father: {fileID: 0}
  m_RootOrder: 4
  m_LocalEulerAnglesHint: {x: 0, y: 0, z: 0}
--- !u!1 &965308119
GameObject:
  m_ObjectHideFlags: 0
  m_CorrespondingSourceObject: {fileID: 0}
  m_PrefabInstance: {fileID: 0}
  m_PrefabAsset: {fileID: 0}
  serializedVersion: 6
  m_Component:
  - component: {fileID: 965308123}
  - component: {fileID: 965308122}
  - component: {fileID: 965308121}
  - component: {fileID: 965308120}
  m_Layer: 0
  m_Name: CircleContainer (2)
  m_TagString: Untagged
  m_Icon: {fileID: 0}
  m_NavMeshLayer: 0
  m_StaticEditorFlags: 0
  m_IsActive: 1
--- !u!114 &965308120
MonoBehaviour:
  m_ObjectHideFlags: 0
  m_CorrespondingSourceObject: {fileID: 0}
  m_PrefabInstance: {fileID: 0}
  m_PrefabAsset: {fileID: 0}
  m_GameObject: {fileID: 965308119}
  m_Enabled: 1
  m_EditorHideFlags: 0
  m_Script: {fileID: 11500000, guid: a95ee4afd08187949b286ce3ab90b9e4, type: 3}
  m_Name: 
  m_EditorClassIdentifier: 
  mauve: {r: 0.5568628, g: 0.0627451, b: 0.5176471, a: 1}
  Pink: {r: 0.94117653, g: 0.04705883, b: 0.5058824, a: 1}
  Yellow: {r: 0.94117653, g: 0.8862746, b: 0.07450981, a: 1}
  Blue: {r: 0.20000002, g: 0.7137255, b: 0.95294124, a: 1}
--- !u!58 &965308121
CircleCollider2D:
  m_ObjectHideFlags: 0
  m_CorrespondingSourceObject: {fileID: 0}
  m_PrefabInstance: {fileID: 0}
  m_PrefabAsset: {fileID: 0}
  m_GameObject: {fileID: 965308119}
  m_Enabled: 1
  m_Density: 1
  m_Material: {fileID: 0}
  m_IsTrigger: 1
  m_UsedByEffector: 0
  m_UsedByComposite: 0
  m_Offset: {x: 0, y: 0}
  serializedVersion: 2
  m_Radius: 5.21
--- !u!212 &965308122
SpriteRenderer:
  m_ObjectHideFlags: 0
  m_CorrespondingSourceObject: {fileID: 0}
  m_PrefabInstance: {fileID: 0}
  m_PrefabAsset: {fileID: 0}
  m_GameObject: {fileID: 965308119}
  m_Enabled: 1
  m_CastShadows: 0
  m_ReceiveShadows: 0
  m_DynamicOccludee: 1
  m_MotionVectors: 1
  m_LightProbeUsage: 1
  m_ReflectionProbeUsage: 1
  m_RenderingLayerMask: 1
  m_RendererPriority: 0
  m_Materials:
  - {fileID: 10754, guid: 0000000000000000f000000000000000, type: 0}
  m_StaticBatchInfo:
    firstSubMesh: 0
    subMeshCount: 0
  m_StaticBatchRoot: {fileID: 0}
  m_ProbeAnchor: {fileID: 0}
  m_LightProbeVolumeOverride: {fileID: 0}
  m_ScaleInLightmap: 1
  m_PreserveUVs: 0
  m_IgnoreNormalsForChartDetection: 0
  m_ImportantGI: 0
  m_StitchLightmapSeams: 0
  m_SelectedEditorRenderState: 0
  m_MinimumChartSize: 4
  m_AutoUVMaxDistance: 0.5
  m_AutoUVMaxAngle: 89
  m_LightmapParameters: {fileID: 0}
  m_SortingLayerID: 0
  m_SortingLayer: 0
  m_SortingOrder: 0
  m_Sprite: {fileID: 21300000, guid: 4d0cd1ae79c9e5f47b797655fe9dfbea, type: 3}
  m_Color: {r: 1, g: 1, b: 1, a: 1}
  m_FlipX: 0
  m_FlipY: 0
  m_DrawMode: 0
  m_Size: {x: 10.42, y: 10.42}
  m_AdaptiveModeThreshold: 0.5
  m_SpriteTileMode: 0
  m_WasSpriteAssigned: 1
  m_MaskInteraction: 0
  m_SpriteSortPoint: 0
--- !u!4 &965308123
Transform:
  m_ObjectHideFlags: 0
  m_CorrespondingSourceObject: {fileID: 0}
  m_PrefabInstance: {fileID: 0}
  m_PrefabAsset: {fileID: 0}
  m_GameObject: {fileID: 965308119}
  m_LocalRotation: {x: 0, y: 0, z: 0, w: 1}
  m_LocalPosition: {x: -1.7400001, y: 24.72, z: -0.89729655}
  m_LocalScale: {x: -0.05016, y: -0.05016, z: -0.05016}
  m_Children: []
  m_Father: {fileID: 0}
  m_RootOrder: 5
  m_LocalEulerAnglesHint: {x: 0, y: 0, z: 0}
--- !u!1 &1071786368
GameObject:
  m_ObjectHideFlags: 0
  m_CorrespondingSourceObject: {fileID: 0}
  m_PrefabInstance: {fileID: 0}
  m_PrefabAsset: {fileID: 0}
  serializedVersion: 6
  m_Component:
  - component: {fileID: 1071786372}
  - component: {fileID: 1071786371}
  - component: {fileID: 1071786370}
  - component: {fileID: 1071786369}
  - component: {fileID: 1071786373}
  m_Layer: 9
  m_Name: Ball
  m_TagString: Untagged
  m_Icon: {fileID: 0}
  m_NavMeshLayer: 0
  m_StaticEditorFlags: 0
  m_IsActive: 1
--- !u!50 &1071786369
Rigidbody2D:
  serializedVersion: 4
  m_ObjectHideFlags: 0
  m_CorrespondingSourceObject: {fileID: 0}
  m_PrefabInstance: {fileID: 0}
  m_PrefabAsset: {fileID: 0}
  m_GameObject: {fileID: 1071786368}
  m_BodyType: 0
  m_Simulated: 1
  m_UseFullKinematicContacts: 0
  m_UseAutoMass: 0
  m_Mass: 1
  m_LinearDrag: 0
  m_AngularDrag: 0.05
  m_GravityScale: 1
  m_Material: {fileID: 0}
  m_Interpolate: 0
  m_SleepingMode: 1
  m_CollisionDetection: 0
  m_Constraints: 5
--- !u!58 &1071786370
CircleCollider2D:
  m_ObjectHideFlags: 0
  m_CorrespondingSourceObject: {fileID: 0}
  m_PrefabInstance: {fileID: 0}
  m_PrefabAsset: {fileID: 0}
  m_GameObject: {fileID: 1071786368}
  m_Enabled: 1
  m_Density: 1
  m_Material: {fileID: 0}
  m_IsTrigger: 0
  m_UsedByEffector: 0
  m_UsedByComposite: 0
  m_Offset: {x: 0, y: 0}
  serializedVersion: 2
  m_Radius: 0.5
--- !u!212 &1071786371
SpriteRenderer:
  m_ObjectHideFlags: 0
  m_CorrespondingSourceObject: {fileID: 0}
  m_PrefabInstance: {fileID: 0}
  m_PrefabAsset: {fileID: 0}
  m_GameObject: {fileID: 1071786368}
  m_Enabled: 1
  m_CastShadows: 0
  m_ReceiveShadows: 0
  m_DynamicOccludee: 1
  m_MotionVectors: 1
  m_LightProbeUsage: 1
  m_ReflectionProbeUsage: 1
  m_RenderingLayerMask: 1
  m_RendererPriority: 0
  m_Materials:
  - {fileID: 10754, guid: 0000000000000000f000000000000000, type: 0}
  m_StaticBatchInfo:
    firstSubMesh: 0
    subMeshCount: 0
  m_StaticBatchRoot: {fileID: 0}
  m_ProbeAnchor: {fileID: 0}
  m_LightProbeVolumeOverride: {fileID: 0}
  m_ScaleInLightmap: 1
  m_PreserveUVs: 0
  m_IgnoreNormalsForChartDetection: 0
  m_ImportantGI: 0
  m_StitchLightmapSeams: 0
  m_SelectedEditorRenderState: 0
  m_MinimumChartSize: 4
  m_AutoUVMaxDistance: 0.5
  m_AutoUVMaxAngle: 89
  m_LightmapParameters: {fileID: 0}
  m_SortingLayerID: 0
  m_SortingLayer: 0
  m_SortingOrder: 0
  m_Sprite: {fileID: 21300000, guid: 1394c406628c08a4988bff919fc78d20, type: 3}
  m_Color: {r: 0.94117653, g: 0.04705883, b: 0.5058824, a: 1}
  m_FlipX: 0
  m_FlipY: 0
  m_DrawMode: 0
  m_Size: {x: 1, y: 1}
  m_AdaptiveModeThreshold: 0.5
  m_SpriteTileMode: 0
  m_WasSpriteAssigned: 1
  m_MaskInteraction: 0
  m_SpriteSortPoint: 0
--- !u!4 &1071786372
Transform:
  m_ObjectHideFlags: 0
  m_CorrespondingSourceObject: {fileID: 0}
  m_PrefabInstance: {fileID: 0}
  m_PrefabAsset: {fileID: 0}
  m_GameObject: {fileID: 1071786368}
  m_LocalRotation: {x: 0, y: 0, z: 0, w: 1}
  m_LocalPosition: {x: -1.78, y: -3.02, z: -0.75367785}
  m_LocalScale: {x: 0.29114, y: 0.29114, z: 0.29114}
  m_Children:
  - {fileID: 154069772}
  m_Father: {fileID: 0}
  m_RootOrder: 1
  m_LocalEulerAnglesHint: {x: 0, y: 0, z: 0}
--- !u!114 &1071786373
MonoBehaviour:
  m_ObjectHideFlags: 0
  m_CorrespondingSourceObject: {fileID: 0}
  m_PrefabInstance: {fileID: 0}
  m_PrefabAsset: {fileID: 0}
  m_GameObject: {fileID: 1071786368}
  m_Enabled: 1
  m_EditorHideFlags: 0
  m_Script: {fileID: 11500000, guid: a2205d74347b77843b8dce3ae7e7fcf5, type: 3}
  m_Name: 
  m_EditorClassIdentifier: 
  iliasRB: {fileID: 1071786369}
  force: 300
  spr: {fileID: 1071786371}
--- !u!1 &1077406651
GameObject:
  m_ObjectHideFlags: 0
  m_CorrespondingSourceObject: {fileID: 0}
  m_PrefabInstance: {fileID: 0}
  m_PrefabAsset: {fileID: 0}
  serializedVersion: 6
  m_Component:
  - component: {fileID: 1077406653}
  - component: {fileID: 1077406652}
  m_Layer: 0
  m_Name: cross
  m_TagString: Untagged
  m_Icon: {fileID: 0}
  m_NavMeshLayer: 0
  m_StaticEditorFlags: 0
  m_IsActive: 1
--- !u!95 &1077406652
Animator:
  serializedVersion: 3
  m_ObjectHideFlags: 0
  m_CorrespondingSourceObject: {fileID: 0}
  m_PrefabInstance: {fileID: 0}
  m_PrefabAsset: {fileID: 0}
  m_GameObject: {fileID: 1077406651}
  m_Enabled: 1
  m_Avatar: {fileID: 0}
  m_Controller: {fileID: 9100000, guid: c86d230c8e5dcb1439df10ef89fcee48, type: 2}
  m_CullingMode: 0
  m_UpdateMode: 0
  m_ApplyRootMotion: 0
  m_LinearVelocityBlending: 0
  m_WarningMessage: 
  m_HasTransformHierarchy: 1
  m_AllowConstantClipSamplingOptimization: 1
  m_KeepAnimatorControllerStateOnDisable: 0
--- !u!4 &1077406653
Transform:
  m_ObjectHideFlags: 0
  m_CorrespondingSourceObject: {fileID: 0}
  m_PrefabInstance: {fileID: 0}
  m_PrefabAsset: {fileID: 0}
  m_GameObject: {fileID: 1077406651}
  m_LocalRotation: {x: -0, y: -0, z: -1, w: 0.0000042384486}
  m_LocalPosition: {x: -0.55, y: -0.77, z: 0.000096513}
  m_LocalScale: {x: 0.73457, y: 0.73457, z: 0.73457}
  m_Children:
  - {fileID: 4867030261766555385}
  - {fileID: 1129403624}
  - {fileID: 589266687}
  - {fileID: 1897232534}
  m_Father: {fileID: 0}
  m_RootOrder: 8
  m_LocalEulerAnglesHint: {x: 0, y: 0, z: -180.00002}
--- !u!1 &1080754998
GameObject:
  m_ObjectHideFlags: 0
  m_CorrespondingSourceObject: {fileID: 0}
  m_PrefabInstance: {fileID: 0}
  m_PrefabAsset: {fileID: 0}
  serializedVersion: 6
  m_Component:
  - component: {fileID: 1080755002}
  - component: {fileID: 1080755001}
  - component: {fileID: 1080755000}
  - component: {fileID: 1080754999}
  m_Layer: 0
  m_Name: CircleContainer (3)
  m_TagString: Untagged
  m_Icon: {fileID: 0}
  m_NavMeshLayer: 0
  m_StaticEditorFlags: 0
  m_IsActive: 1
--- !u!114 &1080754999
MonoBehaviour:
  m_ObjectHideFlags: 0
  m_CorrespondingSourceObject: {fileID: 0}
  m_PrefabInstance: {fileID: 0}
  m_PrefabAsset: {fileID: 0}
  m_GameObject: {fileID: 1080754998}
  m_Enabled: 1
  m_EditorHideFlags: 0
  m_Script: {fileID: 11500000, guid: a95ee4afd08187949b286ce3ab90b9e4, type: 3}
  m_Name: 
  m_EditorClassIdentifier: 
  mauve: {r: 0.5568628, g: 0.0627451, b: 0.5176471, a: 1}
  Pink: {r: 0.94117653, g: 0.04705883, b: 0.5058824, a: 1}
  Yellow: {r: 0.94117653, g: 0.8862746, b: 0.07450981, a: 1}
  Blue: {r: 0.20000002, g: 0.7137255, b: 0.95294124, a: 1}
--- !u!58 &1080755000
CircleCollider2D:
  m_ObjectHideFlags: 0
  m_CorrespondingSourceObject: {fileID: 0}
  m_PrefabInstance: {fileID: 0}
  m_PrefabAsset: {fileID: 0}
  m_GameObject: {fileID: 1080754998}
  m_Enabled: 1
  m_Density: 1
  m_Material: {fileID: 0}
  m_IsTrigger: 1
  m_UsedByEffector: 0
  m_UsedByComposite: 0
  m_Offset: {x: 0, y: 0}
  serializedVersion: 2
  m_Radius: 5.21
--- !u!212 &1080755001
SpriteRenderer:
  m_ObjectHideFlags: 0
  m_CorrespondingSourceObject: {fileID: 0}
  m_PrefabInstance: {fileID: 0}
  m_PrefabAsset: {fileID: 0}
  m_GameObject: {fileID: 1080754998}
  m_Enabled: 1
  m_CastShadows: 0
  m_ReceiveShadows: 0
  m_DynamicOccludee: 1
  m_MotionVectors: 1
  m_LightProbeUsage: 1
  m_ReflectionProbeUsage: 1
  m_RenderingLayerMask: 1
  m_RendererPriority: 0
  m_Materials:
  - {fileID: 10754, guid: 0000000000000000f000000000000000, type: 0}
  m_StaticBatchInfo:
    firstSubMesh: 0
    subMeshCount: 0
  m_StaticBatchRoot: {fileID: 0}
  m_ProbeAnchor: {fileID: 0}
  m_LightProbeVolumeOverride: {fileID: 0}
  m_ScaleInLightmap: 1
  m_PreserveUVs: 0
  m_IgnoreNormalsForChartDetection: 0
  m_ImportantGI: 0
  m_StitchLightmapSeams: 0
  m_SelectedEditorRenderState: 0
  m_MinimumChartSize: 4
  m_AutoUVMaxDistance: 0.5
  m_AutoUVMaxAngle: 89
  m_LightmapParameters: {fileID: 0}
  m_SortingLayerID: 0
  m_SortingLayer: 0
  m_SortingOrder: 0
  m_Sprite: {fileID: 21300000, guid: 4d0cd1ae79c9e5f47b797655fe9dfbea, type: 3}
  m_Color: {r: 1, g: 1, b: 1, a: 1}
  m_FlipX: 0
  m_FlipY: 0
  m_DrawMode: 0
  m_Size: {x: 10.42, y: 10.42}
  m_AdaptiveModeThreshold: 0.5
  m_SpriteTileMode: 0
  m_WasSpriteAssigned: 1
  m_MaskInteraction: 0
  m_SpriteSortPoint: 0
--- !u!4 &1080755002
Transform:
  m_ObjectHideFlags: 0
  m_CorrespondingSourceObject: {fileID: 0}
  m_PrefabInstance: {fileID: 0}
  m_PrefabAsset: {fileID: 0}
  m_GameObject: {fileID: 1080754998}
  m_LocalRotation: {x: 0, y: 0, z: 0, w: 1}
  m_LocalPosition: {x: -1.7400001, y: 36.07, z: -0.89729655}
  m_LocalScale: {x: -0.05016, y: -0.05016, z: -0.05016}
  m_Children: []
  m_Father: {fileID: 0}
  m_RootOrder: 6
  m_LocalEulerAnglesHint: {x: 0, y: 0, z: 0}
--- !u!1 &1129403623 stripped
GameObject:
  m_CorrespondingSourceObject: {fileID: 4368723066356924509, guid: 620f69846f9d0c9409a3e703d5353d6e,
    type: 3}
  m_PrefabInstance: {fileID: 406747644}
  m_PrefabAsset: {fileID: 0}
--- !u!4 &1129403624 stripped
Transform:
  m_CorrespondingSourceObject: {fileID: 4867030261766555385, guid: 620f69846f9d0c9409a3e703d5353d6e,
    type: 3}
  m_PrefabInstance: {fileID: 406747644}
  m_PrefabAsset: {fileID: 0}
--- !u!61 &1129403626
BoxCollider2D:
  m_ObjectHideFlags: 0
  m_CorrespondingSourceObject: {fileID: 0}
  m_PrefabInstance: {fileID: 0}
  m_PrefabAsset: {fileID: 0}
  m_GameObject: {fileID: 1129403623}
  m_Enabled: 1
  m_Density: 1
  m_Material: {fileID: 0}
  m_IsTrigger: 0
  m_UsedByEffector: 0
  m_UsedByComposite: 0
  m_Offset: {x: 1.6, y: 0}
  m_SpriteTilingProperty:
    border: {x: 0, y: 0, z: 0, w: 0}
    pivot: {x: 0, y: 0.5}
    oldSize: {x: 3.2, y: 0.36}
    newSize: {x: 3.2, y: 0.36}
    adaptiveTilingThreshold: 0.5
    drawMode: 0
    adaptiveTiling: 0
  m_AutoTiling: 0
  serializedVersion: 2
  m_Size: {x: 3.2, y: 0.36}
  m_EdgeRadius: 0
--- !u!1001 &1377165404
PrefabInstance:
  m_ObjectHideFlags: 0
  serializedVersion: 2
  m_Modification:
    m_TransformParent: {fileID: 50917622}
    m_Modifications:
    - target: {fileID: 1425444868336602030, guid: 4eaff177b9dbb4c4792c14a6d8ba1a01,
        type: 3}
      propertyPath: m_Name
      value: PartColor (3)
      objectReference: {fileID: 0}
    - target: {fileID: 1425444868336602030, guid: 4eaff177b9dbb4c4792c14a6d8ba1a01,
        type: 3}
      propertyPath: m_IsActive
      value: 1
      objectReference: {fileID: 0}
    - target: {fileID: 8817418004676697574, guid: 4eaff177b9dbb4c4792c14a6d8ba1a01,
        type: 3}
      propertyPath: m_LocalPosition.x
      value: 0
      objectReference: {fileID: 0}
    - target: {fileID: 8817418004676697574, guid: 4eaff177b9dbb4c4792c14a6d8ba1a01,
        type: 3}
      propertyPath: m_LocalPosition.y
      value: 0
      objectReference: {fileID: 0}
    - target: {fileID: 8817418004676697574, guid: 4eaff177b9dbb4c4792c14a6d8ba1a01,
        type: 3}
      propertyPath: m_LocalPosition.z
      value: 0
      objectReference: {fileID: 0}
    - target: {fileID: 8817418004676697574, guid: 4eaff177b9dbb4c4792c14a6d8ba1a01,
        type: 3}
      propertyPath: m_LocalRotation.x
      value: -0
      objectReference: {fileID: 0}
    - target: {fileID: 8817418004676697574, guid: 4eaff177b9dbb4c4792c14a6d8ba1a01,
        type: 3}
      propertyPath: m_LocalRotation.y
      value: -0
      objectReference: {fileID: 0}
    - target: {fileID: 8817418004676697574, guid: 4eaff177b9dbb4c4792c14a6d8ba1a01,
        type: 3}
      propertyPath: m_LocalRotation.z
      value: -0.7071068
      objectReference: {fileID: 0}
    - target: {fileID: 8817418004676697574, guid: 4eaff177b9dbb4c4792c14a6d8ba1a01,
        type: 3}
      propertyPath: m_LocalRotation.w
      value: 0.7071068
      objectReference: {fileID: 0}
    - target: {fileID: 8817418004676697574, guid: 4eaff177b9dbb4c4792c14a6d8ba1a01,
        type: 3}
      propertyPath: m_RootOrder
      value: 3
      objectReference: {fileID: 0}
    - target: {fileID: 8817418004676697574, guid: 4eaff177b9dbb4c4792c14a6d8ba1a01,
        type: 3}
      propertyPath: m_LocalEulerAnglesHint.x
      value: 0
      objectReference: {fileID: 0}
    - target: {fileID: 8817418004676697574, guid: 4eaff177b9dbb4c4792c14a6d8ba1a01,
        type: 3}
      propertyPath: m_LocalEulerAnglesHint.y
      value: 0
      objectReference: {fileID: 0}
    - target: {fileID: 8817418004676697574, guid: 4eaff177b9dbb4c4792c14a6d8ba1a01,
        type: 3}
      propertyPath: m_LocalEulerAnglesHint.z
      value: -90
      objectReference: {fileID: 0}
    - target: {fileID: 3957907294326437118, guid: 4eaff177b9dbb4c4792c14a6d8ba1a01,
        type: 3}
      propertyPath: m_Color.r
      value: 0.18431373
      objectReference: {fileID: 0}
    - target: {fileID: 3957907294326437118, guid: 4eaff177b9dbb4c4792c14a6d8ba1a01,
        type: 3}
      propertyPath: m_Color.g
      value: 0.69411767
      objectReference: {fileID: 0}
    - target: {fileID: 3957907294326437118, guid: 4eaff177b9dbb4c4792c14a6d8ba1a01,
        type: 3}
      propertyPath: m_Color.b
      value: 0.8078432
      objectReference: {fileID: 0}
    m_RemovedComponents: []
  m_SourcePrefab: {fileID: 100100000, guid: 4eaff177b9dbb4c4792c14a6d8ba1a01, type: 3}
--- !u!4 &1377165405 stripped
Transform:
  m_CorrespondingSourceObject: {fileID: 8817418004676697574, guid: 4eaff177b9dbb4c4792c14a6d8ba1a01,
    type: 3}
  m_PrefabInstance: {fileID: 1377165404}
  m_PrefabAsset: {fileID: 0}
--- !u!1 &1444022793 stripped
GameObject:
  m_CorrespondingSourceObject: {fileID: 4368723066356924509, guid: 620f69846f9d0c9409a3e703d5353d6e,
    type: 3}
  m_PrefabInstance: {fileID: 211446465}
  m_PrefabAsset: {fileID: 0}
--- !u!4 &1444022794 stripped
Transform:
  m_CorrespondingSourceObject: {fileID: 4867030261766555385, guid: 620f69846f9d0c9409a3e703d5353d6e,
    type: 3}
  m_PrefabInstance: {fileID: 211446465}
  m_PrefabAsset: {fileID: 0}
--- !u!61 &1444022796
BoxCollider2D:
  m_ObjectHideFlags: 0
  m_CorrespondingSourceObject: {fileID: 0}
  m_PrefabInstance: {fileID: 0}
  m_PrefabAsset: {fileID: 0}
  m_GameObject: {fileID: 1444022793}
  m_Enabled: 1
  m_Density: 1
  m_Material: {fileID: 0}
  m_IsTrigger: 0
  m_UsedByEffector: 0
  m_UsedByComposite: 0
  m_Offset: {x: 1.6, y: 0}
  m_SpriteTilingProperty:
    border: {x: 0, y: 0, z: 0, w: 0}
    pivot: {x: 0, y: 0.5}
    oldSize: {x: 3.2, y: 0.36}
    newSize: {x: 3.2, y: 0.36}
    adaptiveTilingThreshold: 0.5
    drawMode: 0
    adaptiveTiling: 0
  m_AutoTiling: 0
  serializedVersion: 2
  m_Size: {x: 3.2, y: 0.36}
  m_EdgeRadius: 0
--- !u!1001 &1542015995
PrefabInstance:
  m_ObjectHideFlags: 0
  serializedVersion: 2
  m_Modification:
    m_TransformParent: {fileID: 216776254}
    m_Modifications:
    - target: {fileID: 4368723066356924509, guid: 620f69846f9d0c9409a3e703d5353d6e,
        type: 3}
      propertyPath: m_Name
      value: bar (2)
      objectReference: {fileID: 0}
    - target: {fileID: 4867030261766555385, guid: 620f69846f9d0c9409a3e703d5353d6e,
        type: 3}
      propertyPath: m_LocalPosition.x
      value: 0
      objectReference: {fileID: 0}
    - target: {fileID: 4867030261766555385, guid: 620f69846f9d0c9409a3e703d5353d6e,
        type: 3}
      propertyPath: m_LocalPosition.y
      value: 0
      objectReference: {fileID: 0}
    - target: {fileID: 4867030261766555385, guid: 620f69846f9d0c9409a3e703d5353d6e,
        type: 3}
      propertyPath: m_LocalPosition.z
      value: 0
      objectReference: {fileID: 0}
    - target: {fileID: 4867030261766555385, guid: 620f69846f9d0c9409a3e703d5353d6e,
        type: 3}
      propertyPath: m_LocalRotation.x
      value: -0
      objectReference: {fileID: 0}
    - target: {fileID: 4867030261766555385, guid: 620f69846f9d0c9409a3e703d5353d6e,
        type: 3}
      propertyPath: m_LocalRotation.y
      value: -0
      objectReference: {fileID: 0}
    - target: {fileID: 4867030261766555385, guid: 620f69846f9d0c9409a3e703d5353d6e,
        type: 3}
      propertyPath: m_LocalRotation.z
      value: -0.70710677
      objectReference: {fileID: 0}
    - target: {fileID: 4867030261766555385, guid: 620f69846f9d0c9409a3e703d5353d6e,
        type: 3}
      propertyPath: m_LocalRotation.w
      value: 0.7071068
      objectReference: {fileID: 0}
    - target: {fileID: 4867030261766555385, guid: 620f69846f9d0c9409a3e703d5353d6e,
        type: 3}
      propertyPath: m_RootOrder
      value: 2
      objectReference: {fileID: 0}
    - target: {fileID: 4867030261766555385, guid: 620f69846f9d0c9409a3e703d5353d6e,
        type: 3}
      propertyPath: m_LocalEulerAnglesHint.x
      value: 0
      objectReference: {fileID: 0}
    - target: {fileID: 4867030261766555385, guid: 620f69846f9d0c9409a3e703d5353d6e,
        type: 3}
      propertyPath: m_LocalEulerAnglesHint.y
      value: 0
      objectReference: {fileID: 0}
    - target: {fileID: 4867030261766555385, guid: 620f69846f9d0c9409a3e703d5353d6e,
        type: 3}
      propertyPath: m_LocalEulerAnglesHint.z
      value: -90.00001
      objectReference: {fileID: 0}
    - target: {fileID: 4867030261766555385, guid: 620f69846f9d0c9409a3e703d5353d6e,
        type: 3}
      propertyPath: m_LocalScale.x
      value: 0.3894991
      objectReference: {fileID: 0}
    - target: {fileID: 4867030261766555385, guid: 620f69846f9d0c9409a3e703d5353d6e,
        type: 3}
      propertyPath: m_LocalScale.y
      value: 0.3894991
      objectReference: {fileID: 0}
    - target: {fileID: 4867030261766555385, guid: 620f69846f9d0c9409a3e703d5353d6e,
        type: 3}
      propertyPath: m_LocalScale.z
      value: 0.3894991
      objectReference: {fileID: 0}
    - target: {fileID: 4442008824971071740, guid: 620f69846f9d0c9409a3e703d5353d6e,
        type: 3}
      propertyPath: m_Color.r
      value: 0.94117653
      objectReference: {fileID: 0}
    - target: {fileID: 4442008824971071740, guid: 620f69846f9d0c9409a3e703d5353d6e,
        type: 3}
      propertyPath: m_Color.g
      value: 0.04705883
      objectReference: {fileID: 0}
    - target: {fileID: 4442008824971071740, guid: 620f69846f9d0c9409a3e703d5353d6e,
        type: 3}
      propertyPath: m_Color.b
      value: 0.5058824
      objectReference: {fileID: 0}
    m_RemovedComponents: []
  m_SourcePrefab: {fileID: 100100000, guid: 620f69846f9d0c9409a3e703d5353d6e, type: 3}
--- !u!1001 &1638260737
PrefabInstance:
  m_ObjectHideFlags: 0
  serializedVersion: 2
  m_Modification:
    m_TransformParent: {fileID: 216776254}
    m_Modifications:
    - target: {fileID: 4368723066356924509, guid: 620f69846f9d0c9409a3e703d5353d6e,
        type: 3}
      propertyPath: m_Name
      value: bar
      objectReference: {fileID: 0}
    - target: {fileID: 4867030261766555385, guid: 620f69846f9d0c9409a3e703d5353d6e,
        type: 3}
      propertyPath: m_LocalPosition.x
      value: 0
      objectReference: {fileID: 0}
    - target: {fileID: 4867030261766555385, guid: 620f69846f9d0c9409a3e703d5353d6e,
        type: 3}
      propertyPath: m_LocalPosition.y
      value: 0
      objectReference: {fileID: 0}
    - target: {fileID: 4867030261766555385, guid: 620f69846f9d0c9409a3e703d5353d6e,
        type: 3}
      propertyPath: m_LocalPosition.z
      value: 0
      objectReference: {fileID: 0}
    - target: {fileID: 4867030261766555385, guid: 620f69846f9d0c9409a3e703d5353d6e,
        type: 3}
      propertyPath: m_LocalRotation.x
      value: -0
      objectReference: {fileID: 0}
    - target: {fileID: 4867030261766555385, guid: 620f69846f9d0c9409a3e703d5353d6e,
        type: 3}
      propertyPath: m_LocalRotation.y
      value: -0
      objectReference: {fileID: 0}
    - target: {fileID: 4867030261766555385, guid: 620f69846f9d0c9409a3e703d5353d6e,
        type: 3}
      propertyPath: m_LocalRotation.z
      value: -0
      objectReference: {fileID: 0}
    - target: {fileID: 4867030261766555385, guid: 620f69846f9d0c9409a3e703d5353d6e,
        type: 3}
      propertyPath: m_LocalRotation.w
      value: 1
      objectReference: {fileID: 0}
    - target: {fileID: 4867030261766555385, guid: 620f69846f9d0c9409a3e703d5353d6e,
        type: 3}
      propertyPath: m_RootOrder
      value: 0
      objectReference: {fileID: 0}
    - target: {fileID: 4867030261766555385, guid: 620f69846f9d0c9409a3e703d5353d6e,
        type: 3}
      propertyPath: m_LocalEulerAnglesHint.x
      value: 0
      objectReference: {fileID: 0}
    - target: {fileID: 4867030261766555385, guid: 620f69846f9d0c9409a3e703d5353d6e,
        type: 3}
      propertyPath: m_LocalEulerAnglesHint.y
      value: 0
      objectReference: {fileID: 0}
    - target: {fileID: 4867030261766555385, guid: 620f69846f9d0c9409a3e703d5353d6e,
        type: 3}
      propertyPath: m_LocalEulerAnglesHint.z
      value: 0
      objectReference: {fileID: 0}
    - target: {fileID: 4867030261766555385, guid: 620f69846f9d0c9409a3e703d5353d6e,
        type: 3}
      propertyPath: m_LocalScale.x
      value: 0.3894991
      objectReference: {fileID: 0}
    - target: {fileID: 4867030261766555385, guid: 620f69846f9d0c9409a3e703d5353d6e,
        type: 3}
      propertyPath: m_LocalScale.y
      value: 0.3894991
      objectReference: {fileID: 0}
    - target: {fileID: 4867030261766555385, guid: 620f69846f9d0c9409a3e703d5353d6e,
        type: 3}
      propertyPath: m_LocalScale.z
      value: 0.3894991
      objectReference: {fileID: 0}
    - target: {fileID: 4442008824971071740, guid: 620f69846f9d0c9409a3e703d5353d6e,
        type: 3}
      propertyPath: m_Color.r
      value: 0.5568628
      objectReference: {fileID: 0}
    - target: {fileID: 4442008824971071740, guid: 620f69846f9d0c9409a3e703d5353d6e,
        type: 3}
      propertyPath: m_Color.g
      value: 0.0627451
      objectReference: {fileID: 0}
    - target: {fileID: 4442008824971071740, guid: 620f69846f9d0c9409a3e703d5353d6e,
        type: 3}
      propertyPath: m_Color.b
      value: 0.5176471
      objectReference: {fileID: 0}
    m_RemovedComponents: []
  m_SourcePrefab: {fileID: 100100000, guid: 620f69846f9d0c9409a3e703d5353d6e, type: 3}
--- !u!1 &1781100572
GameObject:
  m_ObjectHideFlags: 0
  m_CorrespondingSourceObject: {fileID: 0}
  m_PrefabInstance: {fileID: 0}
  m_PrefabAsset: {fileID: 0}
  serializedVersion: 6
  m_Component:
  - component: {fileID: 1781100575}
  - component: {fileID: 1781100574}
  - component: {fileID: 1781100573}
  - component: {fileID: 1781100576}
  m_Layer: 0
  m_Name: Hand
  m_TagString: Untagged
  m_Icon: {fileID: 0}
  m_NavMeshLayer: 0
  m_StaticEditorFlags: 0
  m_IsActive: 1
--- !u!61 &1781100573
BoxCollider2D:
  m_ObjectHideFlags: 0
  m_CorrespondingSourceObject: {fileID: 0}
  m_PrefabInstance: {fileID: 0}
  m_PrefabAsset: {fileID: 0}
  m_GameObject: {fileID: 1781100572}
  m_Enabled: 1
  m_Density: 1
  m_Material: {fileID: 0}
  m_IsTrigger: 0
  m_UsedByEffector: 0
  m_UsedByComposite: 0
  m_Offset: {x: 0, y: 0}
  m_SpriteTilingProperty:
    border: {x: 0, y: 0, z: 0, w: 0}
    pivot: {x: 0.5, y: 0.5}
    oldSize: {x: 1, y: 1}
    newSize: {x: 1, y: 1}
    adaptiveTilingThreshold: 0.5
    drawMode: 0
    adaptiveTiling: 0
  m_AutoTiling: 0
  serializedVersion: 2
  m_Size: {x: 1, y: 1}
  m_EdgeRadius: 0
--- !u!212 &1781100574
SpriteRenderer:
  m_ObjectHideFlags: 0
  m_CorrespondingSourceObject: {fileID: 0}
  m_PrefabInstance: {fileID: 0}
  m_PrefabAsset: {fileID: 0}
  m_GameObject: {fileID: 1781100572}
  m_Enabled: 1
  m_CastShadows: 0
  m_ReceiveShadows: 0
  m_DynamicOccludee: 1
  m_MotionVectors: 1
  m_LightProbeUsage: 1
  m_ReflectionProbeUsage: 1
  m_RenderingLayerMask: 1
  m_RendererPriority: 0
  m_Materials:
  - {fileID: 10754, guid: 0000000000000000f000000000000000, type: 0}
  m_StaticBatchInfo:
    firstSubMesh: 0
    subMeshCount: 0
  m_StaticBatchRoot: {fileID: 0}
  m_ProbeAnchor: {fileID: 0}
  m_LightProbeVolumeOverride: {fileID: 0}
  m_ScaleInLightmap: 1
  m_PreserveUVs: 0
  m_IgnoreNormalsForChartDetection: 0
  m_ImportantGI: 0
  m_StitchLightmapSeams: 0
  m_SelectedEditorRenderState: 0
  m_MinimumChartSize: 4
  m_AutoUVMaxDistance: 0.5
  m_AutoUVMaxAngle: 89
  m_LightmapParameters: {fileID: 0}
  m_SortingLayerID: 0
  m_SortingLayer: 0
  m_SortingOrder: 0
  m_Sprite: {fileID: 21300000, guid: 810968e53a9d53340aa99652309825bd, type: 3}
  m_Color: {r: 1, g: 1, b: 1, a: 1}
  m_FlipX: 0
  m_FlipY: 0
  m_DrawMode: 0
  m_Size: {x: 1, y: 1}
  m_AdaptiveModeThreshold: 0.5
  m_SpriteTileMode: 0
  m_WasSpriteAssigned: 1
  m_MaskInteraction: 0
  m_SpriteSortPoint: 0
--- !u!4 &1781100575
Transform:
  m_ObjectHideFlags: 0
  m_CorrespondingSourceObject: {fileID: 0}
  m_PrefabInstance: {fileID: 0}
  m_PrefabAsset: {fileID: 0}
  m_GameObject: {fileID: 1781100572}
  m_LocalRotation: {x: 0, y: 0, z: 0, w: 1}
  m_LocalPosition: {x: -1.64, y: -4.22, z: 0}
  m_LocalScale: {x: 1, y: 1, z: 1}
  m_Children: []
  m_Father: {fileID: 0}
  m_RootOrder: 0
  m_LocalEulerAnglesHint: {x: 0, y: 0, z: 0}
--- !u!114 &1781100576
MonoBehaviour:
  m_ObjectHideFlags: 0
  m_CorrespondingSourceObject: {fileID: 0}
  m_PrefabInstance: {fileID: 0}
  m_PrefabAsset: {fileID: 0}
  m_GameObject: {fileID: 1781100572}
  m_Enabled: 1
  m_EditorHideFlags: 0
  m_Script: {fileID: 11500000, guid: a95ee4afd08187949b286ce3ab90b9e4, type: 3}
  m_Name: 
  m_EditorClassIdentifier: 
  mauve: {r: 0, g: 0, b: 0, a: 0}
  Pink: {r: 0, g: 0, b: 0, a: 0}
  Yellow: {r: 0, g: 0, b: 0, a: 0}
  Blue: {r: 0, g: 0, b: 0, a: 0}
--- !u!1001 &1874343248
PrefabInstance:
  m_ObjectHideFlags: 0
  serializedVersion: 2
  m_Modification:
    m_TransformParent: {fileID: 50917622}
    m_Modifications:
    - target: {fileID: 1425444868336602030, guid: 4eaff177b9dbb4c4792c14a6d8ba1a01,
        type: 3}
      propertyPath: m_Name
      value: PartColor (1)
      objectReference: {fileID: 0}
    - target: {fileID: 1425444868336602030, guid: 4eaff177b9dbb4c4792c14a6d8ba1a01,
        type: 3}
      propertyPath: m_IsActive
      value: 1
      objectReference: {fileID: 0}
    - target: {fileID: 8817418004676697574, guid: 4eaff177b9dbb4c4792c14a6d8ba1a01,
        type: 3}
      propertyPath: m_LocalPosition.x
      value: 0
      objectReference: {fileID: 0}
    - target: {fileID: 8817418004676697574, guid: 4eaff177b9dbb4c4792c14a6d8ba1a01,
        type: 3}
      propertyPath: m_LocalPosition.y
      value: 0
      objectReference: {fileID: 0}
    - target: {fileID: 8817418004676697574, guid: 4eaff177b9dbb4c4792c14a6d8ba1a01,
        type: 3}
      propertyPath: m_LocalPosition.z
      value: 0
      objectReference: {fileID: 0}
    - target: {fileID: 8817418004676697574, guid: 4eaff177b9dbb4c4792c14a6d8ba1a01,
        type: 3}
      propertyPath: m_LocalRotation.x
      value: -0
      objectReference: {fileID: 0}
    - target: {fileID: 8817418004676697574, guid: 4eaff177b9dbb4c4792c14a6d8ba1a01,
        type: 3}
      propertyPath: m_LocalRotation.y
      value: -0
      objectReference: {fileID: 0}
    - target: {fileID: 8817418004676697574, guid: 4eaff177b9dbb4c4792c14a6d8ba1a01,
        type: 3}
      propertyPath: m_LocalRotation.z
      value: 0.7071068
      objectReference: {fileID: 0}
    - target: {fileID: 8817418004676697574, guid: 4eaff177b9dbb4c4792c14a6d8ba1a01,
        type: 3}
      propertyPath: m_LocalRotation.w
      value: 0.7071068
      objectReference: {fileID: 0}
    - target: {fileID: 8817418004676697574, guid: 4eaff177b9dbb4c4792c14a6d8ba1a01,
        type: 3}
      propertyPath: m_RootOrder
      value: 1
      objectReference: {fileID: 0}
    - target: {fileID: 8817418004676697574, guid: 4eaff177b9dbb4c4792c14a6d8ba1a01,
        type: 3}
      propertyPath: m_LocalEulerAnglesHint.x
      value: 0
      objectReference: {fileID: 0}
    - target: {fileID: 8817418004676697574, guid: 4eaff177b9dbb4c4792c14a6d8ba1a01,
        type: 3}
      propertyPath: m_LocalEulerAnglesHint.y
      value: 0
      objectReference: {fileID: 0}
    - target: {fileID: 8817418004676697574, guid: 4eaff177b9dbb4c4792c14a6d8ba1a01,
        type: 3}
      propertyPath: m_LocalEulerAnglesHint.z
      value: 90
      objectReference: {fileID: 0}
    - target: {fileID: 3957907294326437118, guid: 4eaff177b9dbb4c4792c14a6d8ba1a01,
        type: 3}
      propertyPath: m_Color.r
      value: 0.94117653
      objectReference: {fileID: 0}
    - target: {fileID: 3957907294326437118, guid: 4eaff177b9dbb4c4792c14a6d8ba1a01,
        type: 3}
      propertyPath: m_Color.g
      value: 0.04705883
      objectReference: {fileID: 0}
    - target: {fileID: 3957907294326437118, guid: 4eaff177b9dbb4c4792c14a6d8ba1a01,
        type: 3}
      propertyPath: m_Color.b
      value: 0.5058824
      objectReference: {fileID: 0}
    m_RemovedComponents: []
  m_SourcePrefab: {fileID: 100100000, guid: 4eaff177b9dbb4c4792c14a6d8ba1a01, type: 3}
--- !u!4 &1874343249 stripped
Transform:
  m_CorrespondingSourceObject: {fileID: 8817418004676697574, guid: 4eaff177b9dbb4c4792c14a6d8ba1a01,
    type: 3}
  m_PrefabInstance: {fileID: 1874343248}
  m_PrefabAsset: {fileID: 0}
--- !u!1 &1897232533 stripped
GameObject:
  m_CorrespondingSourceObject: {fileID: 4368723066356924509, guid: 620f69846f9d0c9409a3e703d5353d6e,
    type: 3}
  m_PrefabInstance: {fileID: 589591027}
  m_PrefabAsset: {fileID: 0}
--- !u!4 &1897232534 stripped
Transform:
  m_CorrespondingSourceObject: {fileID: 4867030261766555385, guid: 620f69846f9d0c9409a3e703d5353d6e,
    type: 3}
  m_PrefabInstance: {fileID: 589591027}
  m_PrefabAsset: {fileID: 0}
--- !u!61 &1897232536
BoxCollider2D:
  m_ObjectHideFlags: 0
  m_CorrespondingSourceObject: {fileID: 0}
  m_PrefabInstance: {fileID: 0}
  m_PrefabAsset: {fileID: 0}
  m_GameObject: {fileID: 1897232533}
  m_Enabled: 1
  m_Density: 1
  m_Material: {fileID: 0}
  m_IsTrigger: 0
  m_UsedByEffector: 0
  m_UsedByComposite: 0
  m_Offset: {x: 1.6, y: 0}
  m_SpriteTilingProperty:
    border: {x: 0, y: 0, z: 0, w: 0}
    pivot: {x: 0, y: 0.5}
    oldSize: {x: 3.2, y: 0.36}
    newSize: {x: 3.2, y: 0.36}
    adaptiveTilingThreshold: 0.5
    drawMode: 0
    adaptiveTiling: 0
  m_AutoTiling: 0
  serializedVersion: 2
  m_Size: {x: 3.2, y: 0.36}
  m_EdgeRadius: 0
--- !u!1 &1931662395
GameObject:
  m_ObjectHideFlags: 0
  m_CorrespondingSourceObject: {fileID: 0}
  m_PrefabInstance: {fileID: 0}
  m_PrefabAsset: {fileID: 0}
  serializedVersion: 6
  m_Component:
  - component: {fileID: 1931662399}
  - component: {fileID: 1931662398}
  - component: {fileID: 1931662397}
  - component: {fileID: 1931662396}
  m_Layer: 0
  m_Name: CircleContainer (4)
  m_TagString: Untagged
  m_Icon: {fileID: 0}
  m_NavMeshLayer: 0
  m_StaticEditorFlags: 0
  m_IsActive: 1
--- !u!114 &1931662396
MonoBehaviour:
  m_ObjectHideFlags: 0
  m_CorrespondingSourceObject: {fileID: 0}
  m_PrefabInstance: {fileID: 0}
  m_PrefabAsset: {fileID: 0}
  m_GameObject: {fileID: 1931662395}
  m_Enabled: 1
  m_EditorHideFlags: 0
  m_Script: {fileID: 11500000, guid: a95ee4afd08187949b286ce3ab90b9e4, type: 3}
  m_Name: 
  m_EditorClassIdentifier: 
  mauve: {r: 0.5568628, g: 0.0627451, b: 0.5176471, a: 1}
  Pink: {r: 0.94117653, g: 0.04705883, b: 0.5058824, a: 1}
  Yellow: {r: 0.94117653, g: 0.8862746, b: 0.07450981, a: 1}
  Blue: {r: 0.20000002, g: 0.7137255, b: 0.95294124, a: 1}
--- !u!58 &1931662397
CircleCollider2D:
  m_ObjectHideFlags: 0
  m_CorrespondingSourceObject: {fileID: 0}
  m_PrefabInstance: {fileID: 0}
  m_PrefabAsset: {fileID: 0}
  m_GameObject: {fileID: 1931662395}
  m_Enabled: 1
  m_Density: 1
  m_Material: {fileID: 0}
  m_IsTrigger: 1
  m_UsedByEffector: 0
  m_UsedByComposite: 0
  m_Offset: {x: 0, y: 0}
  serializedVersion: 2
  m_Radius: 5.21
--- !u!212 &1931662398
SpriteRenderer:
  m_ObjectHideFlags: 0
  m_CorrespondingSourceObject: {fileID: 0}
  m_PrefabInstance: {fileID: 0}
  m_PrefabAsset: {fileID: 0}
  m_GameObject: {fileID: 1931662395}
  m_Enabled: 1
  m_CastShadows: 0
  m_ReceiveShadows: 0
  m_DynamicOccludee: 1
  m_MotionVectors: 1
  m_LightProbeUsage: 1
  m_ReflectionProbeUsage: 1
  m_RenderingLayerMask: 1
  m_RendererPriority: 0
  m_Materials:
  - {fileID: 10754, guid: 0000000000000000f000000000000000, type: 0}
  m_StaticBatchInfo:
    firstSubMesh: 0
    subMeshCount: 0
  m_StaticBatchRoot: {fileID: 0}
  m_ProbeAnchor: {fileID: 0}
  m_LightProbeVolumeOverride: {fileID: 0}
  m_ScaleInLightmap: 1
  m_PreserveUVs: 0
  m_IgnoreNormalsForChartDetection: 0
  m_ImportantGI: 0
  m_StitchLightmapSeams: 0
  m_SelectedEditorRenderState: 0
  m_MinimumChartSize: 4
  m_AutoUVMaxDistance: 0.5
  m_AutoUVMaxAngle: 89
  m_LightmapParameters: {fileID: 0}
  m_SortingLayerID: 0
  m_SortingLayer: 0
  m_SortingOrder: 0
  m_Sprite: {fileID: 21300000, guid: 4d0cd1ae79c9e5f47b797655fe9dfbea, type: 3}
  m_Color: {r: 1, g: 1, b: 1, a: 1}
  m_FlipX: 0
  m_FlipY: 0
  m_DrawMode: 0
  m_Size: {x: 10.42, y: 10.42}
  m_AdaptiveModeThreshold: 0.5
  m_SpriteTileMode: 0
  m_WasSpriteAssigned: 1
  m_MaskInteraction: 0
  m_SpriteSortPoint: 0
--- !u!4 &1931662399
Transform:
  m_ObjectHideFlags: 0
  m_CorrespondingSourceObject: {fileID: 0}
  m_PrefabInstance: {fileID: 0}
  m_PrefabAsset: {fileID: 0}
  m_GameObject: {fileID: 1931662395}
  m_LocalRotation: {x: 0, y: 0, z: 0, w: 1}
  m_LocalPosition: {x: -1.7400001, y: 46.57, z: -0.89729655}
  m_LocalScale: {x: -0.05016, y: -0.05016, z: -0.05016}
  m_Children: []
  m_Father: {fileID: 0}
  m_RootOrder: 7
  m_LocalEulerAnglesHint: {x: 0, y: 0, z: 0}
--- !u!1001 &2063022529
PrefabInstance:
  m_ObjectHideFlags: 0
  serializedVersion: 2
  m_Modification:
    m_TransformParent: {fileID: 216776254}
    m_Modifications:
    - target: {fileID: 4368723066356924509, guid: 620f69846f9d0c9409a3e703d5353d6e,
        type: 3}
      propertyPath: m_Name
      value: bar (1)
      objectReference: {fileID: 0}
    - target: {fileID: 4867030261766555385, guid: 620f69846f9d0c9409a3e703d5353d6e,
        type: 3}
      propertyPath: m_LocalPosition.x
      value: 0
      objectReference: {fileID: 0}
    - target: {fileID: 4867030261766555385, guid: 620f69846f9d0c9409a3e703d5353d6e,
        type: 3}
      propertyPath: m_LocalPosition.y
      value: 0
      objectReference: {fileID: 0}
    - target: {fileID: 4867030261766555385, guid: 620f69846f9d0c9409a3e703d5353d6e,
        type: 3}
      propertyPath: m_LocalPosition.z
      value: 0
      objectReference: {fileID: 0}
    - target: {fileID: 4867030261766555385, guid: 620f69846f9d0c9409a3e703d5353d6e,
        type: 3}
      propertyPath: m_LocalRotation.x
      value: -0
      objectReference: {fileID: 0}
    - target: {fileID: 4867030261766555385, guid: 620f69846f9d0c9409a3e703d5353d6e,
        type: 3}
      propertyPath: m_LocalRotation.y
      value: -0
      objectReference: {fileID: 0}
    - target: {fileID: 4867030261766555385, guid: 620f69846f9d0c9409a3e703d5353d6e,
        type: 3}
      propertyPath: m_LocalRotation.z
      value: -1
      objectReference: {fileID: 0}
    - target: {fileID: 4867030261766555385, guid: 620f69846f9d0c9409a3e703d5353d6e,
        type: 3}
      propertyPath: m_LocalRotation.w
      value: -0.00000035762784
      objectReference: {fileID: 0}
    - target: {fileID: 4867030261766555385, guid: 620f69846f9d0c9409a3e703d5353d6e,
        type: 3}
      propertyPath: m_RootOrder
      value: 1
      objectReference: {fileID: 0}
    - target: {fileID: 4867030261766555385, guid: 620f69846f9d0c9409a3e703d5353d6e,
        type: 3}
      propertyPath: m_LocalEulerAnglesHint.x
      value: 0
      objectReference: {fileID: 0}
    - target: {fileID: 4867030261766555385, guid: 620f69846f9d0c9409a3e703d5353d6e,
        type: 3}
      propertyPath: m_LocalEulerAnglesHint.y
      value: 0
      objectReference: {fileID: 0}
    - target: {fileID: 4867030261766555385, guid: 620f69846f9d0c9409a3e703d5353d6e,
        type: 3}
      propertyPath: m_LocalEulerAnglesHint.z
      value: -179.99998
      objectReference: {fileID: 0}
    - target: {fileID: 4867030261766555385, guid: 620f69846f9d0c9409a3e703d5353d6e,
        type: 3}
      propertyPath: m_LocalScale.x
      value: 0.3894991
      objectReference: {fileID: 0}
    - target: {fileID: 4867030261766555385, guid: 620f69846f9d0c9409a3e703d5353d6e,
        type: 3}
      propertyPath: m_LocalScale.y
      value: 0.3894991
      objectReference: {fileID: 0}
    - target: {fileID: 4867030261766555385, guid: 620f69846f9d0c9409a3e703d5353d6e,
        type: 3}
      propertyPath: m_LocalScale.z
      value: 0.3894991
      objectReference: {fileID: 0}
    - target: {fileID: 4442008824971071740, guid: 620f69846f9d0c9409a3e703d5353d6e,
        type: 3}
      propertyPath: m_Color.r
      value: 0.94117653
      objectReference: {fileID: 0}
    - target: {fileID: 4442008824971071740, guid: 620f69846f9d0c9409a3e703d5353d6e,
        type: 3}
      propertyPath: m_Color.g
      value: 0.8862746
      objectReference: {fileID: 0}
    - target: {fileID: 4442008824971071740, guid: 620f69846f9d0c9409a3e703d5353d6e,
        type: 3}
      propertyPath: m_Color.b
      value: 0.07450981
      objectReference: {fileID: 0}
    m_RemovedComponents: []
  m_SourcePrefab: {fileID: 100100000, guid: 620f69846f9d0c9409a3e703d5353d6e, type: 3}
--- !u!1001 &3875479045426899731
PrefabInstance:
  m_ObjectHideFlags: 0
  serializedVersion: 2
  m_Modification:
    m_TransformParent: {fileID: 50917622}
    m_Modifications:
    - target: {fileID: 1425444868336602030, guid: 4eaff177b9dbb4c4792c14a6d8ba1a01,
        type: 3}
      propertyPath: m_Name
      value: PartColor
      objectReference: {fileID: 0}
    - target: {fileID: 1425444868336602030, guid: 4eaff177b9dbb4c4792c14a6d8ba1a01,
        type: 3}
      propertyPath: m_IsActive
      value: 1
      objectReference: {fileID: 0}
    - target: {fileID: 8817418004676697574, guid: 4eaff177b9dbb4c4792c14a6d8ba1a01,
        type: 3}
      propertyPath: m_LocalPosition.x
      value: 0
      objectReference: {fileID: 0}
    - target: {fileID: 8817418004676697574, guid: 4eaff177b9dbb4c4792c14a6d8ba1a01,
        type: 3}
      propertyPath: m_LocalPosition.y
      value: 0
      objectReference: {fileID: 0}
    - target: {fileID: 8817418004676697574, guid: 4eaff177b9dbb4c4792c14a6d8ba1a01,
        type: 3}
      propertyPath: m_LocalPosition.z
      value: 0
      objectReference: {fileID: 0}
    - target: {fileID: 8817418004676697574, guid: 4eaff177b9dbb4c4792c14a6d8ba1a01,
        type: 3}
      propertyPath: m_LocalRotation.x
      value: -0
      objectReference: {fileID: 0}
    - target: {fileID: 8817418004676697574, guid: 4eaff177b9dbb4c4792c14a6d8ba1a01,
        type: 3}
      propertyPath: m_LocalRotation.y
      value: -0
      objectReference: {fileID: 0}
    - target: {fileID: 8817418004676697574, guid: 4eaff177b9dbb4c4792c14a6d8ba1a01,
        type: 3}
      propertyPath: m_LocalRotation.z
      value: -0
      objectReference: {fileID: 0}
    - target: {fileID: 8817418004676697574, guid: 4eaff177b9dbb4c4792c14a6d8ba1a01,
        type: 3}
      propertyPath: m_LocalRotation.w
      value: 1
      objectReference: {fileID: 0}
    - target: {fileID: 8817418004676697574, guid: 4eaff177b9dbb4c4792c14a6d8ba1a01,
        type: 3}
      propertyPath: m_RootOrder
      value: 0
      objectReference: {fileID: 0}
    - target: {fileID: 8817418004676697574, guid: 4eaff177b9dbb4c4792c14a6d8ba1a01,
        type: 3}
      propertyPath: m_LocalEulerAnglesHint.x
      value: 0
      objectReference: {fileID: 0}
    - target: {fileID: 8817418004676697574, guid: 4eaff177b9dbb4c4792c14a6d8ba1a01,
        type: 3}
      propertyPath: m_LocalEulerAnglesHint.y
      value: 0
      objectReference: {fileID: 0}
    - target: {fileID: 8817418004676697574, guid: 4eaff177b9dbb4c4792c14a6d8ba1a01,
        type: 3}
      propertyPath: m_LocalEulerAnglesHint.z
      value: 0
      objectReference: {fileID: 0}
    - target: {fileID: 3957907294326437118, guid: 4eaff177b9dbb4c4792c14a6d8ba1a01,
        type: 3}
      propertyPath: m_Color.r
      value: 0.94117653
      objectReference: {fileID: 0}
    - target: {fileID: 3957907294326437118, guid: 4eaff177b9dbb4c4792c14a6d8ba1a01,
        type: 3}
      propertyPath: m_Color.g
      value: 0.8862746
      objectReference: {fileID: 0}
    - target: {fileID: 3957907294326437118, guid: 4eaff177b9dbb4c4792c14a6d8ba1a01,
        type: 3}
      propertyPath: m_Color.b
      value: 0.07450981
      objectReference: {fileID: 0}
    m_RemovedComponents: []
  m_SourcePrefab: {fileID: 100100000, guid: 4eaff177b9dbb4c4792c14a6d8ba1a01, type: 3}
--- !u!4 &3875479045426899732 stripped
Transform:
  m_CorrespondingSourceObject: {fileID: 8817418004676697574, guid: 4eaff177b9dbb4c4792c14a6d8ba1a01,
    type: 3}
  m_PrefabInstance: {fileID: 3875479045426899731}
  m_PrefabAsset: {fileID: 0}
--- !u!1 &4368723066356924509 stripped
GameObject:
  m_CorrespondingSourceObject: {fileID: 4368723066356924509, guid: 620f69846f9d0c9409a3e703d5353d6e,
    type: 3}
  m_PrefabInstance: {fileID: 8041969626693600637}
  m_PrefabAsset: {fileID: 0}
--- !u!61 &4368723066356924510
BoxCollider2D:
  m_ObjectHideFlags: 0
  m_CorrespondingSourceObject: {fileID: 0}
  m_PrefabInstance: {fileID: 0}
  m_PrefabAsset: {fileID: 0}
  m_GameObject: {fileID: 4368723066356924509}
  m_Enabled: 1
  m_Density: 1
  m_Material: {fileID: 0}
  m_IsTrigger: 0
  m_UsedByEffector: 0
  m_UsedByComposite: 0
  m_Offset: {x: 1.6, y: 0}
  m_SpriteTilingProperty:
    border: {x: 0, y: 0, z: 0, w: 0}
    pivot: {x: 0, y: 0.5}
    oldSize: {x: 3.2, y: 0.36}
    newSize: {x: 3.2, y: 0.36}
    adaptiveTilingThreshold: 0.5
    drawMode: 0
    adaptiveTiling: 0
  m_AutoTiling: 0
  serializedVersion: 2
  m_Size: {x: 3.2, y: 0.36}
  m_EdgeRadius: 0
--- !u!4 &4867030261766555385 stripped
Transform:
  m_CorrespondingSourceObject: {fileID: 4867030261766555385, guid: 620f69846f9d0c9409a3e703d5353d6e,
    type: 3}
  m_PrefabInstance: {fileID: 8041969626693600637}
  m_PrefabAsset: {fileID: 0}
--- !u!1001 &8041969626693600637
PrefabInstance:
  m_ObjectHideFlags: 0
  serializedVersion: 2
  m_Modification:
    m_TransformParent: {fileID: 1077406653}
    m_Modifications:
    - target: {fileID: 4368723066356924509, guid: 620f69846f9d0c9409a3e703d5353d6e,
        type: 3}
      propertyPath: m_Name
      value: bar
      objectReference: {fileID: 0}
    - target: {fileID: 4867030261766555385, guid: 620f69846f9d0c9409a3e703d5353d6e,
        type: 3}
      propertyPath: m_LocalPosition.x
      value: 0
      objectReference: {fileID: 0}
    - target: {fileID: 4867030261766555385, guid: 620f69846f9d0c9409a3e703d5353d6e,
        type: 3}
      propertyPath: m_LocalPosition.y
      value: 0
      objectReference: {fileID: 0}
    - target: {fileID: 4867030261766555385, guid: 620f69846f9d0c9409a3e703d5353d6e,
        type: 3}
      propertyPath: m_LocalPosition.z
      value: 0
      objectReference: {fileID: 0}
    - target: {fileID: 4867030261766555385, guid: 620f69846f9d0c9409a3e703d5353d6e,
        type: 3}
      propertyPath: m_LocalRotation.x
      value: -0
      objectReference: {fileID: 0}
    - target: {fileID: 4867030261766555385, guid: 620f69846f9d0c9409a3e703d5353d6e,
        type: 3}
      propertyPath: m_LocalRotation.y
      value: -0
      objectReference: {fileID: 0}
    - target: {fileID: 4867030261766555385, guid: 620f69846f9d0c9409a3e703d5353d6e,
        type: 3}
      propertyPath: m_LocalRotation.z
      value: -0
      objectReference: {fileID: 0}
    - target: {fileID: 4867030261766555385, guid: 620f69846f9d0c9409a3e703d5353d6e,
        type: 3}
      propertyPath: m_LocalRotation.w
      value: 1
      objectReference: {fileID: 0}
    - target: {fileID: 4867030261766555385, guid: 620f69846f9d0c9409a3e703d5353d6e,
        type: 3}
      propertyPath: m_RootOrder
      value: 0
      objectReference: {fileID: 0}
    - target: {fileID: 4867030261766555385, guid: 620f69846f9d0c9409a3e703d5353d6e,
        type: 3}
      propertyPath: m_LocalEulerAnglesHint.x
      value: 0
      objectReference: {fileID: 0}
    - target: {fileID: 4867030261766555385, guid: 620f69846f9d0c9409a3e703d5353d6e,
        type: 3}
      propertyPath: m_LocalEulerAnglesHint.y
      value: 0
      objectReference: {fileID: 0}
    - target: {fileID: 4867030261766555385, guid: 620f69846f9d0c9409a3e703d5353d6e,
        type: 3}
      propertyPath: m_LocalEulerAnglesHint.z
      value: 0
      objectReference: {fileID: 0}
    - target: {fileID: 4867030261766555385, guid: 620f69846f9d0c9409a3e703d5353d6e,
        type: 3}
      propertyPath: m_LocalScale.x
      value: 0.3894991
      objectReference: {fileID: 0}
    - target: {fileID: 4867030261766555385, guid: 620f69846f9d0c9409a3e703d5353d6e,
        type: 3}
      propertyPath: m_LocalScale.y
      value: 0.3894991
      objectReference: {fileID: 0}
    - target: {fileID: 4867030261766555385, guid: 620f69846f9d0c9409a3e703d5353d6e,
        type: 3}
      propertyPath: m_LocalScale.z
      value: 0.3894991
      objectReference: {fileID: 0}
    - target: {fileID: 4442008824971071740, guid: 620f69846f9d0c9409a3e703d5353d6e,
        type: 3}
      propertyPath: m_Color.r
      value: 0.5568628
      objectReference: {fileID: 0}
    - target: {fileID: 4442008824971071740, guid: 620f69846f9d0c9409a3e703d5353d6e,
        type: 3}
      propertyPath: m_Color.g
      value: 0.0627451
      objectReference: {fileID: 0}
    - target: {fileID: 4442008824971071740, guid: 620f69846f9d0c9409a3e703d5353d6e,
        type: 3}
      propertyPath: m_Color.b
      value: 0.5176471
      objectReference: {fileID: 0}
    m_RemovedComponents: []
  m_SourcePrefab: {fileID: 100100000, guid: 620f69846f9d0c9409a3e703d5353d6e, type: 3}
